5010 3336
1008 2669 1057 2835 omnia
1008 2537 1057 2632 sint
1020 2301 1073 2500 operata
1013 2140 1060 2265 deo:
1030 1991 1061 2090 non
1016 1775 1063 1954 audeat
1017 1640 1064 1738 ulla

1090 2524 1138 2769 lanificam
1092 2322 1154 2486 pensis
1092 1992 1156 2284 imposuisse
1113 1739 1144 1954 manum.
1122 1168 1150 1214 ιο

1185 2748 1217 2836 uos
1187 2510 1233 2710 quoque
1173 2302 1221 2475 abesse
1178 2094 1236 2265 procul
1175 1895 1235 2056 iubeo,
1178 1632 1226 1854 discedat
1180 1533 1227 1596 ab
1180 1390 1239 1495 aris,

1252 2693 1299 2771 cui
1252 2547 1300 2655 tulit
1255 2284 1302 2510 hesterna
1257 2070 1318 2248 gaudia
1268 1888 1306 2034 nocte
1262 1669 1307 1851 Venus.

1343 2706 1380 2840 casta
1335 2475 1395 2671 placent
1336 2219 1398 2438 superis:
1354 2050 1399 2169 pura
1356 1902 1386 2015 cum
1350 1728 1389 1863 ueste
1342 1524 1391 1690 uenite

1424 2725 1461 2773 et
1414 2461 1463 2687 manibus
1418 2291 1478 2423 puris
1419 2076 1468 2252 sumite
1421 1891 1468 2039 sontis
1439 1661 1484 1855 aquam.

1495 2646 1554 2841 cernite,
1499 2364 1560 2603 fulgentes
1509 2273 1546 2324 ut
1511 2158 1547 2235 eat
1518 1987 1549 2121 sacer
1519 1799 1565 1952 agnus
1507 1698 1552 1761 ad
1522 1555 1553 1662 aras
1530 1174 1568 1214 ις

1576 2510 1640 2775 uinctaque
1590 2362 1642 2472 post
1583 2216 1628 2324 olea
1582 1967 1630 2179 candida
1586 1788 1631 1930 turba
1602 1572 1634 1753 comas.

1656 2792 1705 2843 di
1659 2603 1720 2755 patrii,
1677 2298 1723 2561 purgamus
1678 2104 1723 2261 agros,
1680 1805 1725 2066 purgamus
1677 1526 1728 1768 agrestes:

1755 2687 1786 2776 uos
1742 2521 1788 2649 mala
1744 2422 1790 2485 de
1742 2208 1790 2385 nostris
1744 2006 1804 2171 pellite
1745 1718 1805 1967 limitibus,

1835 2748 1867 2843 neu
1837 2574 1883 2711 seges
1824 2371 1870 2537 eludat
1841 2123 1871 2332 messem
1826 1830 1873 2083 fallacibus
1827 1613 1886 1791 herbis,

1918 2683 1949 2779 neu
1903 2477 1950 2645 timeat
1906 2259 1952 2439 celeres
1906 2039 1953 2220 tardior
1924 1879 1969 2004 agna
1910 1688 1970 1843 lupos.
1936 1174 1961 1222 20

1989 2729 2029 2846 tunc
1982 2509 2031 2692 nitidus
1985 2315 2046 2471 plenis
1988 2062 2033 2277 confisus
1987 1818 2035 2023 rusticus
1988 1656 2050 1782 agris

2061 2596 2124 2780 ingeret
2065 2371 2112 2561 ardenti
2066 2132 2127 2335 grandia
2067 1966 2129 2095 ligna
2070 1805 2128 1929 foco,

2143 2608 2205 2849 turbaque
2161 2301 2203 2571 neniarum,
2147 2113 2193 2258 saturi
2148 1941 2196 2073 bona
2148 1768 2211 1905 signa
2150 1554 2211 1732 coloni,

2270 2816 2289 2851 ,ἡ
2224 2647 2272 2782 ludet
2234 2563 2272 2610 et
2242 2468 2272 2526 ex
2226 2286 2289 2431 uirgis
2238 2061 2276 2248 extruet
2239 1912 2277 2026 ante
2247 1727 2278 1876 casas.
2225 1689 2233 1702 ⁰
2233 1574 2236 1575 ’

2289 2615 2351 2852 euentura
2299 2376 2368 2586 'precdr'j
2302 2176 2356 2329 uiden
2319 2086 2356 2137 ut
2310 1826 2358 2048 felicibus
2312 1667 2361 1787 extis
2339 1182 2369 1229 2:

2386 2544 2448 2784 significet
2388 2286 2450 2508 placidos
2390 2075 2439 2248 nuntia
2392 1918 2439 2038 fibra
2394 1722 2441 1881 cleos?

2483 2720 2515 2851 nunc
2468 2563 2515 2682 mihi
2470 2305 2517 2526 fumosos
2472 2090 2520 2267 ueteris
2476 1840 2535 2051 proferte
2478 1568 2524 1801 Falernos

2550 2572 2597 2785 consulis
2560 2486 2599 2534 et
2552 2318 2601 2448 Chio
2554 2104 2601 2281 soluite
2554 1904 2602 2067 uincla
2558 1728 2605 1867 cado.

2628 2739 2677 2855 uina
2630 2572 2678 2704 diem
2634 2255 2682 2535 celebrent:
2652 2104 2682 2204 non
2637 1944 2683 2066 festa
2639 1798 2685 1907 luce
2641 1562 2687 1759 madere

2722 2716 2760 2789 est
2714 2521 2772 2680 rubor,
2726 2265 2763 2479 errantes
2726 2180 2763 2226 et
2719 2015 2764 2142 male
2720 1857 2765 1977 ferre
2722 1651 2781 1818 pedes.

2795 2769 2841 2856 sed
2795 2575 2842 2728 ‘bene
2798 2223 2844 2537 Messallam’
2814 2097 2845 2184 sua
2798 1851 2861 2060 quisque
2802 1751 2847 1813 ad
2804 1533 2863 1712 pocula
2802 1351 2863 1496 dicat,

2891 2608 2924 2790 nomen
2885 2523 2925 2570 et
2878 2269 2926 2487 absentis
2879 2041 2941 2230 singula
2882 1854 2928 2003 uerba
2892 1628 2929 1818 sonent.

2957 2703 3017 2859 gentis
2958 2387 3020 2666 Aquitanae
2962 2156 3008 2350 celeber
2964 1884 3009 2117 lNIessalla
2962 1587 3026 1847 triumphis

3048 2745 3086 2793 et
3056 2532 3101 2708 magna
3041 2287 3089 2494 intonsis
3042 2097 3103 2250 gloria
3043 1904 3090 2060 uictor
3044 1750 3103 1867 auis,

2747 1184 2773 1207 O

2746 1215 2784 1234 (Γ)

3119 2765 3167 2860 huc
3122 2611 3168 2728 ades
3123 2314 3185 2574 aspiraque
3124 2143 3183 2277 mihi,
3127 1983 3172 2102 dum
3126 1730 3175 1945 carmine
3138 1524 3177 1692 nostro

3152 1193 3191 1213 lfa

3154 1224 3186 1237 0,-

3203 2576 3250 2794 redditur
3204 2318 3266 2541 agricolis
3206 2130 3267 2281 gratia
3206 1824 3255 2092 caelitibus.

3344 2784 3379 2809 9
3333 2596 3383 2754 sintg:
3341 2458 3372 2554 sunt
3336 2387 3373 2427 A
3335 2249 3373 2348 Par.
3350 2028 3374 2069 11
3338 1786 3376 1992 discedite
3344 1696 3390 1754 φτ
3341 1560 3390 1665 fort.
3342 1387 3379 1532 arcidt't
3348 1263 3393 1358 post
3358 1192 3381 1236 ιο

3384 2671 3423 2862 distichon
3401 2380 3436 2425 13
3404 2242 3438 2346 pura
3404 2131 3427 2221 cum
3398 1968 3429 2105 mente
3392 1835 3431 1935 Pur.
3409 1544 3433 1595 22
3397 1402 3445 1512 ligna
3412 1266 3435 1365 corr.
3414 1190 3435 1238 (Χ

3438 2726 3487 2864 lingua
3442 2656 3478 2695 A
3457 2434 3493 2485 23
3446 2277 3481 2403 saturi
3450 2190 3494 2246 ψς
3446 2032 3482 2148 satiri
3447 1959 3483 1999 A
3462 1720 3495 1769 24
3455 1602 3486 1688 arte
3454 1540 3501 1568 ψ
3465 1280 3498 1345 29.
3466 1194 3500 1246 30

3494 2718 3531 2865 habent
3496 2590 3535 2686 Par.
3513 2310 3547 2361 29
3500 2066 3537 2279 celebrant
3501 1933 3540 2030 Par.
3515 1724 3539 1800 nec
3503 1594 3543 1690 Par.
3518 1320 3553 1369 34
3508 1196 3543 1287 auis

3547 2656 3599 2866 Scaltger:
3552 2527 3590 2626 ades
3552 2464 3590 2506 A
3556 2188 3603 2240 36
3556 1939 3594 2156 caelitibus
3560 1848 3607 1907 xp:
3558 1620 3595 1816 (felicibus
3559 1547 3595 1587 A
