5010 3336
4016 1487 4063 1768 TIBVLLI

3826 2156 3872 2207 11

3725 1486 3771 1726 DICAMVS
3724 1763 3772 1894 bona
3725 1930 3772 2113 uerba:
3725 2161 3773 2294 uenit
3725 2334 3773 2521 Natalis
3726 2559 3772 2621 ad
3726 2658 3757 2792 aras:

3632 1549 3693 1768 quisquis
3635 1805 3690 1935 adeS,
3631 1976 3693 2153 lingua,
3645 2194 3693 2265 uir
3632 2302 3693 2586 mulierque,
3646 2626 3691 2747 saue.

3566 1481 3603 1679 urantur
3552 1714 3613 1794 pia
3566 1829 3603 1934 tura
3555 1970 3612 2102 focis,
3567 2143 3603 2346 urantur
3566 2378 3611 2554 odores

3473 1547 3517 1669 quos
3487 1708 3524 1843 tener
3486 1878 3516 1904 e
3487 1942 3524 2064 terra
3486 2100 3534 2251 diuite
3487 2291 3534 2435 mittit
3487 2471 3533 2642 Arabs.

3392 1479 3454 1581 ipse
3407 1619 3436 1732 suos
3407 1772 3454 1957 Genius
3407 1994 3454 2119 adsit
3407 2158 3453 2347 uisurus
3396 2384 3451 2608 honores,
3398 3115 3434 3135 5

3328 1545 3375 1623 cui
3327 1661 3372 1895 decorent
3327 1934 3365 2124 sanctas
3327 2164 3373 2329 mollia
3326 2366 3363 2491 serta
3326 2527 3359 2707 comas,

3246 1476 3294 1603 illius
3232 1640 3293 2045 purodestillerit
3231 2083 3283 2301 tempora
3235 2338 3291 2506 nardo,

3152 1542 3204 1689 atque
3167 1726 3203 1856 satur
3166 1892 3213 1993 libo
3166 2032 3213 2092 sit
3153 2132 3211 2425 madeatque
3157 2464 3197 2611 mero,

3086 1475 3132 1657 adnuat
3074 1695 3124 1757 et,
3075 1798 3132 2029 Comme,
3077 2070 3133 2170 tibi,
3072 2212 3132 2562 quodcumque
3073 2600 3136 2806 rogabis.

3006 1541 3035 1602 en
2991 1639 3035 1727 age
2991 1765 3053 1905 (quid
3006 1944 3051 2140 cessas?
3006 2191 3053 2361 adnuit
2992 2399 3053 2499 ille)
2993 2536 3038 2663 roga.
3008 3085 3035 3133 10

2911 1473 2956 1692 auguror,
2925 1734 2973 1894 uxoris
2925 1932 2971 2057 fidos
2911 2097 2972 2287 optabis
2926 2324 2956 2544 amores:

2846 1540 2893 1634 iam
2845 1673 2876 1779 reor
2844 1815 2890 1909 hoc
2830 1947 2891 2083 ipsos·
2845 2118 2892 2376 edidicisse
2845 2413 2890 2545 deos.

2766 1472 2796 1562 nec
2766 1601 2813 1687 tibi
2754 1725 2813 1963 malueris,
2764 2006 2802 2162 totum
2751 2201 2795 2541 quaecumque
2750 2578 2795 2663 per
2765 2698 2813 2867 orbern

2685 1538 2732 1673 fortis
2685 1709 2722 1810 arat
2685 1848 2732 2014 ualido
2685 2053 2732 2259 rusticus
2685 2295 2715 2410 arua
2674 2448 2731 2590 boue,

2604 1472 2634 1562 nec
2592 1599 2651 1703 tibi,
2589 1739 2634 2043 gemmarum
2590 2084 2652 2325 quidquid
2605 2362 2652 2584 felicibus
2604 2624 2653 2761 Indis
2592 3083 2631 3128 15

2514 1537 2571 1763 nascitur,
2525 1805 2572 1897 Eoi
2510 1935 2554 2032 qua
2525 2071 2572 2214 maris
2525 2252 2570 2384 unda
2524 2420 2571 2573 rubet.

2444 1469 2482 1586 uota
2444 1622 2490 1833 cadunt:
2444 1884 2491 2070 utinam
2430 2114 2492 2483 strepitantibus
2444 2515 2490 2715 aduolet
2444 2744 2492 2839 alis

2350 1536 2410 1761 flauaque
2350 1798 2412 2026 coniugio
2365 2064 2412 2259 uincula
2350 2295 2402 2453 portet
2354 2490 2409 2657 Amor,

2284 1469 2331 1666 uincula
2270 1702 2314 1827 quae
2285 1866 2321 2096 maneant
2270 2135 2314 2325 semper
2284 2364 2329 2481 dum
2284 2520 2329 2657 tarda
2283 2693 2321 2919 senectus

2204 1535 2251 1735 inducat
2191 1773 2235 1911 rugas
2191 1951 2252 2231 inficiatque
2205 2269 2235 2447 comas.
2206 3076 2232 3125 20

2125 1469 2170 1589 haec
2115 1626 2173 1802 ueniat,
2114 1846 2172 2046 Natalis,
2126 2088 2172 2191 auis
2111 2229 2169 2515 prolemque
2114 2552 2172 2801 ministret,

2043 1536 2090 1671 ludat
2044 1709 2082 1755 et
2044 1792 2081 1905 ante
2044 1944 2082 2052 tuos
2043 2090 2091 2232 turba
2043 2268 2097 2463 nouella
2029 2500 2089 2663 pedes.

1907 2122 1954 2204 111

1809 1472 1853 1620 Rvm
1796 1658 1838 1831 meam,
1797 1874 1853 2103 Comme,
1807 2145 1845 2313 tenent
1793 2349 1854 2591 uillaeque
1792 2628 1852 2868 puellam:

1728 1533 1772 1713 ferreus
1716 1750 1765 1835 est,
1727 1874 1772 1971 heu
1716 2009 1772 2117 heu,
1712 2158 1774 2376 quisquis
1727 2414 1773 2461 in
1726 2500 1773 2619 urbe
1726 2656 1763 2832 manet.

1610 1522 1648 1561 11
1599 1594 1635 1617 5
1610 1648 1646 1755 adsit
1600 1778 1647 1924 genius
1597 1955 1642 1983 ψ
1598 2156 1633 2173 7
1609 2207 1646 2419 destillent
1598 2450 1643 2505 φτ
1608 2537 1647 2741 distillent
1610 2770 1647 2811 A
1596 2986 1631 3011 9
1606 3042 1644 3117 Ce-

1556 1466 1593 1605 rinthe
1543 1634 1589 1663 ψ
1546 1834 1590 1967 13-16.
1556 1992 1593 2138 habent
1554 2157 1592 2255 Par.
1545 2426 1579 2473 13
1555 2504 1579 2557 ne
1544 2583 1591 2662 (te)
1556 2685 1592 2758 tibi
1544 2780 1593 2987 quesieris
1552 3016 1591 3115 Par.

1492 1471 1527 1517 15
1503 1550 1539 1657 indis
1501 1688 1540 1815 Pan:
1502 1847 1539 1970 undis
1502 2001 1538 2040 A
1492 2233 1526 2277 17
1501 2310 1537 2465 utinam
1503 2488 1538 2528 A
1491 2557 1539 2667 quod
1502 2686 1537 2758 uix
1501 2777 1525 2961 sanum:
1499 2992 1537 3117 uiden

1449 1466 1479 1510 ut
1436 1531 1482 1587 tp:
1448 1619 1485 1768 cadant
1438 1792 1484 1883 tlzoc
1438 1900 1483 1945 ψ)
1447 1972 1484 2152 utinam!
1438 2186 1485 2336 Haupt
1437 2516 1472 2563 19
1437 2594 1484 2804 uinculaq:
1435 2834 1477 2960 supra
1435 2982 1470 3020 q;
1444 3041 1469 3112 scr.

1395 1466 1427 1499 et
1396 1519 1432 1568 ab
1395 1598 1431 1721 altera
1395 1746 1419 1903 mmm:
1395 1940 1431 2106 uincula
1385 2127 1419 2205 quc
1395 2228 1425 2268 ct
1396 2299 1431 2337 V
1394 2429 1431 2480 In
1394 2503 1417 2544 τι.
1394 2567 1418 2619 20
1384 2636 1431 2765 deficit
1395 2786 1431 2822 V
1382 2840 1417 2965 usque
1392 2985 1429 3042 ad
1391 3059 1429 3114 iii.

1332 1467 1365 1518 49
1342 1674 1366 1720 21
1342 1756 1377 1856 haec
1341 1881 1377 2022 ueniat
1328 2052 1374 2109 ψε
1342 2140 1377 2205 hic
1340 2240 1365 2277 u.
1342 2302 1378 2343 A
1340 2368 1363 2375 :
1339 2419 1377 2582 mallem
1340 2614 1378 2718 haec
1338 2751 1377 2914 ualeat:
1336 2950 1375 3115 eueniat

1288 1465 1326 1693 Housman

1235 1523 1272 1585 III
1234 1622 1257 1637 1
1233 1672 1271 1873 Cerinthe
1221 1903 1269 1932 ψ
1235 2095 1258 2119 2
1234 2150 1271 2256 eheu
1221 2288 1267 2317 ψ
