5010 3336
879 1657 946 1964 [TIBVLLI
880 1488 926 1617 LIB.
879 1359 925 1456 III.
871 1190 939 1318 VII]

1020 2746 1084 2850 ipse
1031 2544 1069 2708 tamen
1022 2363 1068 2506 uelox
1020 2118 1066 2326 celerem
1034 1935 1079 2079 super
1018 1754 1064 1898 edere
1031 1540 1076 1717 corpus

1104 2702 1149 2852 audet
1118 2484 1163 2667 equum
1100 2171 1161 2445 ualidisque
1100 1996 1146 2133 sedet
1099 1680 1145 1957 moderator
1093 1424 1142 1643 habenis.
1112 1187 1150 1257 115

1193 2804 1230 2851 te
1184 2640 1230 2767 duce
1198 2503 1228 2603 non
1180 2348 1227 2466 alias
1195 2044 1226 2311 conuersus
1188 1873 1240 2005 terga
1203 1688 1224 1837 0-

1262 2701 1310 2852 libera
1264 2406 1309 2663 Romanae
1259 2160 1307 2368 subiecit
1261 1997 1306 2123 colla
1269 1746 1306 1961 catenae.

1359 2694 1390 2786 nec
1351 2495 1389 2659 'tamen
1341 2381 1388 2454 his
1350 2081 1388 2342 contentus
1339 1922 1387 2042 eris:
1338 1688 1385 1872 maiora
1335 1445 1398 1652 peractis

1422 2660 1481 2854 instant,
1431 2310 1483 2618 compertum
1431 2200 1468 2271 est
1420 1906 1467 2161 ueracibus
1430 1816 1466 1867 ut
1418 1660 1465 1777 mihi
1417 1458 1480 1620 signis,

1502 2745 1565 2854 quis
1502 2346 1563 2707 Amythaonius
1512 2096 1562 2307 nequeat
1510 1876 1547 2058 certare
1501 1542 1559 1836 Melampus.
1516 1186 1543 1259 123

1600 2739 1630 2853 nam
1585 2548 1631 2700 modo
1584 2243 1644 2510 fulgentem
1581 2054 1642 2203 Tyrio
1579 1739 1627 2017 subtemine
1588 1512 1626 1701 uestem

1662 2626 1710 2854 indueras
1662 2401 1709 2588 oriente
1662 2282 1709 2362 die
1663 2117 1709 2244 duce
1660 1912 1707 2079 fertilis
1659 1746 1718 1876 anni,

1743 2549 1806 2853 splendidior
1742 2314 1804 2513 liquidis
1759 2163 1789 2275 cum
1743 2041 1788 2124 Sol
1750 1858 1803 2004 caput
1740 1651 1787 1820 extulit
1739 1468 1786 1612 undis

1836 2806 1873 2853 et
1826 2670 1872 2768 fera
1824 2383 1871 2633 discordes
1832 2082 1869 2344 tenuerunt
1821 1846 1868 2045 flamina
1820 1663 1879 1810 uenti,

1922 2703 1953 2853 curua
1922 2575 1952 2667 ηερ
1906 2306 1952 2539 adsuetos
1913 2066 1965 2267 egerunt
1902 1826 1949 2028 flumina
1918 1606 1959 1789 cursus,
1919 1187 1959 1261 125

1986 2733 2048 2853 quin
1986 2472 2048 2696 rapidum
1984 2229 2047 2433 placidis
1984 2044 2031 2191 etiam
2000 1874 2030 2005 mare
1981 1619 2029 1837 constitit
1980 1420 2039 1581 undis,

2068 2755 2114 2853 ulla
2083 2629 2113 2719 nec
2065 2440 2113 2593 aerias
2064 2190 2111 2402 uolucris
2063 1887 2126 2153 perlabitur
2079 1713 2110 1853 auras

2164 2761 2195 2852 nec
2148 2445 2209 2725 quadrupes
2147 2230 2193 2408 densas
2143 1913 2205 2192 depascitur
2160 1706 2205 1878 aspera
2142 1509 2201 1669 siluas,

2227 2734 2291 2853 quin
2226 2529 2290 2698 largita
2226 2398 2273 2492 tuis
2226 2300 2272 2360 sit
2227 2110 2272 2262 multa
2224 1882 2272 2074 silentia
2224 1706 2271 1846 uotis.

2307 2630 2370 2850 Iuppiter
2307 2490 2369 2593 ipse
2305 2355 2353 2453 leui
2315 2145 2353 2317 uectus
2322 2023 2367 2108 per
2304 1822 2352 1985 inania
2321 1643 2351 1785 curru
2323 1183 2361 1258 130

2388 2696 2436 2853 adfuit
2396 2612 2436 2659 et
2389 2437 2435 2574 caelo
2386 2181 2433 2399 uicinum
2385 2002 2447 2142 liquit
2386 1694 2448 1964 Olympum

2468 2565 2530 2853 intentaque
2467 2433 2515 2527 tuis
2468 2167 2530 2394 precibus
2484 2078 2514 2129 se
2466 1816 2528 2040 praebuit
2483 1665 2513 1779 aure

2560 2576 2611 2853 cunctaque
2548 2378 2596 2539 ueraci
2548 2180 2609 2339 capite
2548 1942 2595 2142 adnuit:
2547 1692 2594 1891 additus
2546 1562 2594 1655 aris

2630 2684 2679 2854 laetior
2629 2499 2677 2648 eluxit
2638 2252 2676 2461 structos
2644 2067 2689 2212 super
2627 1908 2690 2031 ignis
2644 1655 2675 1870 aceruos.

2713 2667 2776 2787 quin
2714 2402 2760 2629 hortante
2714 2268 2759 2365 deo
2710 2042 2773 2230 magnis
2710 1783 2758 2003 insistere
2710 1600 2757 1746 rebus
2729 1183 2770 1257 135

2794 2660 2857 2854 incipe:
2811 2510 2841 2611 non
2794 2341 2841 2472 idem
2792 2215 2839 2301 tibi
2792 2080 2839 2175 sint
2792 1838 2853 2044 aliisque
2790 1553 2853 1800 triumphi.

2893 2753 2924 2855 non
2884 2668 2923 2716 te
2874 2466 2922 2631 uicino
2872 2101 2921 2426 remorabitur
2872 1914 2920 2064 obuia
2882 1722 2919 1876 marte

2956 2695 3005 2853 Gallia
2972 2566 3004 2658 nec
2954 2421 3001 2529 latis
2956 2224 3001 2383 audax
2953 1938 3015 2183 Hispania
2953 1766 3001 1901 terris

3053 2764 3085 2856 nec
3039 2628 3084 2726 fera
3038 2366 3083 2592 Theraeo
3038 2186 3083 2327 tellus
3036 1947 3081 2147 obsessa
3036 1717 3093 1910 colono,

3134 2765 3165 2856 nec
3134 2630 3179 2726 qua
3119 2515 3165 2594 uel
3117 2334 3163 2476 Nilus
3118 2218 3163 2295 uel
3115 2051 3176 2179 regia
3117 1814 3176 2014 lympha
3116 1522 3176 1777 Choaspes
3135 1185 3174 1259 140

3197 2660 3260 2856 profluit
3207 2539 3245 2624 aut
3196 2292 3259 2503 rapidus,
3196 2136 3259 2249 Cyri
3195 1837 3253 2098 dementia,
3197 1578 3257 1794 Gyndes,

3341 2724 3384 2797 135
3330 2567 3367 2693 audet
3327 2497 3364 2537 A
3328 2333 3366 2471 Plant.
3341 2300 3365 2307 :
3328 2113 3376 2268 gaudet
3331 2055 3376 2083 ψ
3327 1793 3364 1868 116
3331 1640 3374 1761 terga
3325 1415 3374 1618 domator,
3330 1253 3362 1389 ortum
3341 1184 3363 1230 cx

3388 2664 3424 2856 modator
3406 2606 3417 2636 z
3387 2341 3424 2578 moderator
3399 2266 3424 2305 u.
3399 2148 3433 2220 115
3386 2028 3423 2103 A:
3391 1957 3423 1984 t.
3385 1715 3422 1911 Salassus
3383 1429 3420 1669 Baehrens:
3383 1188 3420 1376 Dalmata

3446 2693 3488 2857 tergum
3440 2529 3489 2668 Heyne
3453 2264 3477 2333 121
3439 1968 3487 2230 subtegmine
3440 1897 3475 1937 A
3440 1617 3474 1692 126
3436 1397 3474 1583 rabidum
3438 1185 3484 1360 Catulus

3507 2779 3542 2851 127
3507 2600 3532 2747 aereas
3494 2527 3531 2568 A
3507 2251 3542 2325 129
3494 2167 3530 2221 sit
3493 1916 3530 2133 Huschke:
3499 1779 3530 1873 sunt
3492 1708 3528 1747 A
3506 1674 3529 1681 :
3492 1560 3529 1642 sint
3495 1500 3541 1527 ψ
3497 1244 3527 1355 muta
3506 1184 3539 1218 g

3550 2768 3597 2869 fort.
3554 2645 3586 2739 recle
3551 2318 3596 2393 136
3562 2208 3585 2287 non
3552 2149 3595 2175 ψ
3548 1980 3585 2117 Flam.
3562 1947 3584 1953 :
3561 1798 3584 1905 nunc
3548 1726 3584 1766 A
3558 1419 3592 1494 139
3550 1273 3581 1388 tere-o
3558 1188 3593 1249 g:

3609 2697 3640 2855 tetereo
3603 2625 3639 2665 A
3602 2317 3639 2590 Cuiacz'amts:
3603 2080 3640 2270 Rhoeteo
3606 2022 3649 2050 ψ
3602 1855 3639 1992 Plant.
3613 1566 3647 1641 140
3600 1470 3636 1533 uel
3598 1295 3647 1431 Nilus]
3606 1188 3635 1261 aut

3656 2670 3693 2855 Eulaeus
3656 2592 3693 2638 S,
3657 2447 3693 2567 Allen
3656 2300 3694 2417 leand
3658 2196 3693 2273 scio
3669 2111 3694 2166 cm
3662 1982 3693 2077 recte
3656 1596 3703 1815 Choaspes
3658 1510 3701 1564 ψῑ
3654 1292 3701 1475 dyaspcs
3652 1190 3690 1262 A:

3711 2686 3760 2857 diaspcs
3710 2348 3748 2654 FCm'ctcz'anns
3711 2187 3748 2326 Plant.
3723 1942 3757 2010 141
3710 1729 3758 1905 Gyndes
3712 1649 3758 1699 ψῑ
3710 1451 3757 1614 cydnus
3706 1332 3743 1415 AF
