5010 3336
4019 1490 4066 1775 TIBVLLI

3868 1490 3929 1593 ipse
3881 1631 3927 1751 deus
3880 1789 3911 1964 somno
3879 2001 3928 2213 domitos
3878 2252 3927 2471 emittere
3878 2508 3910 2683 uocem

3801 1556 3849 1693 iussit
3800 1730 3838 1777 et
3799 1814 3847 1993 inuitos
3800 2031 3844 2156 facta
3784 2194 3843 2402 tegenda
3784 2440 3845 2604 loqui.’

3721 1488 3768 1609 haec
3706 1646 3751 1736 ego
3719 1774 3767 2033 dicebam:
3718 2084 3749 2215 nunc
3718 2254 3748 2331 me
3718 2368 3765 2561 fleuisse
3703 2598 3763 2897 loquentem,

3640 1554 3671 1685 nunc
3626 1723 3685 1873 pudet
3640 1910 3685 1972 ad
3639 2010 3677 2201 teneros
3624 2238 3685 2556 procubuisse
3623 2594 3683 2758 pedes.

3560 1485 3599 1603 tunc
3562 1642 3608 1759 mihi
3560 1798 3607 1988 iurabas
3559 2026 3604 2160 nullo
3559 2198 3597 2244 te
3559 2282 3606 2445 diuitis
3559 2483 3605 2585 auri

3466 1553 3526 1784 pondere,
3480 1825 3510 1923 non
3465 1961 3526 2181 gemmis,
3478 2222 3523 2435 uendere
3478 2472 3523 2597 uelle
3466 2637 3524 2800 fidem,

3401 1484 3431 1585 non
3400 1623 3447 1709 tibi
3400 1747 3447 1785 si
3385 1821 3446 2029 pretium
3384 2068 3445 2339 Campania
3398 2375 3436 2498 terra
3386 2535 3443 2740 daretur,

3320 1550 3351 1651 non
3320 1689 3367 1775 tibi
3320 1812 3367 1851 si
3319 1890 3366 2071 Bacchi
3319 2108 3349 2222 cura
3318 2260 3363 2489 Falernus
3302 2526 3347 2650 ager.

3240 1482 3288 1573 illis
3225 1611 3287 1817 eriperes
3238 1854 3285 2015 uerbis
3238 2053 3285 2172 mibi
3236 2210 3285 2367 sidera
3236 2402 3283 2523 caeli

3158 1549 3206 1709 lucere
3158 1747 3196 1794 et
3143 1831 3188 2008 pronas
3157 2046 3205 2259 fluminis
3156 2298 3187 2402 esse
3156 2439 3203 2555 uias.

3065 1481 3127 1600 quin
3079 1638 3126 1784 etiam
3077 1821 3124 2003 flebas:
3077 2052 3115 2099 at
3076 2138 3107 2237 non
3061 2274 3107 2364 ego
3076 2402 3121 2563 fallere
3075 2601 3121 2776 doctus

2983 1546 3044 1793 tergebam
2996 1832 3034 2056 umentes
2996 2093 3041 2319 credulus
2981 2356 3026 2509 usque
2980 2544 3025 2706 genas.

2902 1478 2965 1598 quid
2904 1636 2964 1826 faciam,
2916 1863 2963 1954 nisi
2915 1992 2953 2038 et
2901 2075 2963 2178 ipse
2915 2216 2960 2339 fores
2916 2378 2961 2423 in
2914 2462 2944 2627 amore
2898 2663 2960 2894 puellae?

2837 1544 2885 1605 sit
2822 1640 2866 1812 precor
2820 1848 2880 2072 exemplo
2834 2110 2882 2170 sit
2834 2206 2881 2326 leuis
2834 2364 2881 2443 illa
2832 2479 2871 2579 tuo.

2757 1477 2788 1506 o
2742 1544 2803 1782 quotiens,
2754 1824 2802 1985 uerbis
2754 2023 2784 2084 ne
2739 2121 2801 2380 quisquam
2753 2418 2801 2643 conscius
2742 2680 2791 2820 esset,

2662 1541 2723 1645 ipse
2674 1682 2706 1848 comes
2674 1886 2720 2039 multa
2674 2076 2721 2261 lumina
2673 2296 2711 2442 nocte
2674 2479 2721 2593 tuli!

2581 1475 2627 1619 saepe
2580 1657 2643 1921 insperanti
2593 1959 2640 2094 uenit
2593 2132 2641 2219 tibi
2592 2258 2623 2458 munere
2592 2495 2629 2662 nostro

2515 1541 2553 1587 et
2515 1625 2562 1763 latuit
2514 1800 2559 1987 clausas
2499 2024 2550 2135 post
2497 2170 2558 2405 adoperta
2510 2441 2557 2581 fores,

2435 1474 2473 1576 tum
2435 1616 2482 1758 miser
2423 1794 2481 1964 interii,
2432 2006 2478 2151 stulte
2432 2187 2477 2401 confisus
2429 2436 2478 2616 amari:

2355 1540 2385 1653 nam
2339 1691 2391 1910 poteram
2352 1947 2398 2009 ad
2338 2048 2397 2247 laqueos
2351 2285 2399 2470 cautior
2350 2507 2380 2612 esse
2349 2650 2388 2773 tuos,

2259 1472 2321 1590 quin
2273 1629 2321 1774 etiam
2272 1812 2319 2017 attonita
2271 2054 2316 2223 laudes
2271 2261 2318 2347 tibi
2269 2386 2307 2549 mente
2256 2586 2315 2843 canebam,

2193 1537 2230 1585 at
2192 1623 2223 1700 me
2192 1738 2222 1869 nunc
2191 1906 2238 2056 nostri
2176 2095 2238 2441 Pieridumque
2175 2478 2235 2643 pudet.

2112 1470 2160 1551 illa
2111 1588 2157 1736 uelim
2097 1774 2159 1942 rapida
2110 1979 2156 2229 Vulcanus
2109 2268 2157 2481 carmina
2108 2519 2154 2718 flamma

2031 1538 2069 1715 torreat
2030 1752 2069 1798 et
2016 1835 2078 2021 liquida
2029 2057 2075 2216 deleat
2028 2252 2076 2409 amnis
2013 2446 2058 2585 aqua,

1950 1469 1988 1521 tu
1936 1559 1996 1727 procul
1951 1766 1998 1880 hinc
1939 1916 1997 2060 absis,
1949 2102 1996 2179 cui
1948 2217 1994 2422 formam
1947 2461 1993 2676 uendere
1946 2713 1977 2827 cura
1945 2863 1985 2935 est

1870 1537 1908 1583 et
1855 1620 1918 1828 pretium
1855 1866 1914 2010 plena
1854 2045 1913 2227 grande
1867 2264 1912 2437 referre
1866 2476 1897 2637 manu.

1786 1468 1825 1516 at
1786 1554 1825 1600 te
1772 1638 1835 1720 qui
1772 1757 1817 1962 puerum
1785 2000 1832 2142 donis
1769 2182 1814 2491 corrumpere
1782 2528 1813 2577 es
1782 2614 1813 2760 ausus

1705 1536 1753 1690 rideat
1705 1726 1754 1942 adsiduis
1705 1981 1734 2099 uxor
1704 2136 1751 2288 inulta
1691 2324 1750 2465 dolis,

1578 1523 1613 1585 27,
1588 1612 1623 1663 28
1588 1693 1626 1840 habent
1586 1868 1626 1965 Par.
1575 2165 1610 2212 31
1585 2246 1617 2286 te
1573 2310 1610 2370 g:
1586 2414 1623 2486 tibi
1586 2516 1624 2557 A
1573 2766 1610 2818 35
1571 2850 1621 3037 eriperes
1569 3060 1607 3123 g:

1523 1468 1571 1652 eriperet
1536 1682 1571 1722 A
1522 1905 1569 1957 36
1521 1987 1557 2140 pronas
1520 2170 1569 2338 qune:
1521 2379 1555 2506 puras
1532 2536 1569 2577 A
1529 2688 1567 2869 fulminis
1516 2893 1552 2951 g:
1504 2996 1553 3123 puras

1414 1468 1451 1598 pecor
1414 1619 1464 1818 exemplo
1416 1838 1451 1874 s;
1427 1904 1463 1945 Α
1426 1972 1448 1980 ;
1425 2024 1461 2077 sit
1413 2100 1448 2250 precor
1412 2280 1459 2471 exemplo
1423 2501 1459 2575 sed
1422 2606 1459 2663 V:
1422 2707 1458 2760 sit
1420 2782 1429 2790 .
1420 2815 1429 2823 .
1420 2854 1429 2863 .
1418 2883 1511 3122 §5265st

1371 1469 1380 1478 .
1372 1505 1379 1513 .
1371 1537 1379 1544 .
1373 1569 1409 1621 sit
1361 1646 1406 1674 ψ
1360 1840 1395 1887 41
1371 1923 1408 2040 uobis
1371 2071 1407 2231 Statius
1360 2384 1394 2435 44
1370 2467 1401 2506 et
1357 2536 1403 2590 ψτ
1367 2620 1404 2693 Sed
1369 2725 1405 2765 Α
1366 2878 1403 3042 clausas
1354 3066 1389 3118 g:

1318 1469 1356 1630 clausos
1318 1660 1356 1701 Α
1307 1881 1341 1945 45,
1307 1968 1351 2020 46
1316 2050 1353 2195 liabent
1316 2220 1353 2287 Fr.
1306 2483 1341 2533 45
1315 2564 1346 2647 tum
1315 2683 1351 2719 A
1314 2746 1337 2753 :
1314 2798 1338 2822 Ο
1311 2856 1350 2922 Fr.
1312 2963 1349 3070 unde
1312 3097 1335 3120 a

1211 1469 1241 1512 ut
1199 1542 1243 1599 ψε
1209 1631 1241 1671 et
1210 1700 1247 1741 A
1198 1872 1235 1936 51,
1198 1962 1235 2013 52
1208 2043 1246 2188 habent
1207 2207 1247 2306 Par.
1197 2439 1233 2486 51
1206 2519 1243 2571 sit
1194 2594 1243 2782 procula
1204 2804 1296 3123 nobis4iio?riizitlrei1l

1480 1468 1517 1650 fulminis
1467 1682 1518 1795 uulg.
1468 1966 1503 2018 39
1477 2048 1514 2209 faceres
1465 2231 1510 2286 ψε
1477 2318 1514 2497 facerem
1476 2524 1514 2771 Cm'acianus

1263 1470 1302 1517 L.
1264 1544 1302 1713 Mne-Iler
1263 1820 1300 2008 confixus
1264 2030 1300 2069 F
1263 2068 1287 2097 r.
1263 2211 1299 2337 amori
1250 2367 1297 2394 ψ
1262 2425 1294 2520 recte
1262 2541 1293 2586 ut
1261 2607 1298 2769 uidetur

1156 1469 1192 1532 cui
1156 1556 1180 1592 u.
1154 1617 1180 1650 c.
1154 1674 1180 1709 e.
1153 1736 1193 1834 Par.

3627 3092 3665 3142 30

3224 3089 3264 3135 35

2822 3080 2860 3134 40

2013 3077 2052 3126 50
