5010 3336
4024 1507 4074 1790 ‘l'IBVLLI

3892 1504 3940 1666 felices
3878 1703 3937 1833 olim,
3881 1856 3933 2054 ‚Veneri
3884 2093 3915 2204 cum
3882 2243 3928 2388 fertur
3865 2423 3917 2588 aperte

3811 1569 3859 1747 seruire
3806 1783 3846 2006 aeternos
3804 2044 3835 2143 non
3789 2182 3849 2414 puduisse
3799 2450 3845 2583 deos.
3784 3107 3821 3156 30

3732 1502 3780 1664 fabula
3730 1701 3760 1832 nune
3727 1870 3775 1948 ille
3725 1986 3763 2090 est:
3724 2140 3770 2227 sed
3723 2264 3769 2342 cui
3721 2380 3751 2466 sua
3719 2502 3750 2616 eura
3703 2654 3763 2814 puella
3708 2850 3754 2937 est,

3651 1567 3698 1731 fabula
3650 1767 3696 1826 sit
3646 1864 3691 2049 mauult
3631 2086 3676 2233 quam
3641 2272 3689 2376 sine
3639 2411 3671 2577 amore
3637 2614 3683 2748 deus,

3573 1499 3611 1544 at
3561 1583 3609 1646 tu,
3555 1688 3617 1908 quisquis
3568 1946 3615 1984 is
3556 2022 3597 2085 e5‚
3566 2126 3612 2203 cui
3563 2241 3611 2362 tristi
3560 2398 3607 2557 fronte
3543 2594 3605 2791 Cupido

3477 1565 3539 1768 imperat
3490 1806 3527 1857 ut
3487 1894 3525 2058 nostra
3485 2095 3533 2190 sint
3484 2228 3522 2310 tua
3481 2346 3519 2502 castra
3478 2538 3525 2690 domo

3331 1498 3378 1647 ferrea
3329 1684 3360 1783 non
3326 1822 3358 2052 uenerem
3324 2090 3370 2177 sed
3309 2214 3367 2446 praedam
3318 2484 3363 2678 saecula
3314 2714 3363 2944 laudant:
3306 3102 3341 3147 ν’,

3237 1560 3295 1740 praeda
3247 1780 3286 1943 tamen
3245 1982 3292 2145 multis
3243 2183 3280 2255 est
3227 2291 3278 2489 operata
3238 2526 3286 2678 malis.

3158 1493 3215 1671 praeda
3168 1708 3213 1829 feras
3165 1866 3213 1994 acies
3163 2032 3212 2181 cinxit
3159 2218 3209 2526 discordibus
3156 2562 3204 2742 armis:

3090 1559 3138 1672 hinc
3076 1709 3118 1863 cruor,
3085 1903 3133 2017 hinc
3082 2054 3128 2229 caedes
3080 2269 3111 2397 mors
3062 2434 3125 2729 propiorque
3074 2762 3122 2912 uenit.

2998 1492 3055 1669 praeda
2992 1706 3037 1831 uago
3005 1869 3053 2005 iussit
2989 2041 3050 2288 geminare
2985 2324 3047 2538 pericula
2982 2575 3033 2743 ponto,

2928 1556 2977 1731 bellica
2926 1767 2957 1880 cum
2924 1918 2972 2080 dubiis
2921 2118 2959 2270 rostra
2918 2307 2965 2443 dedit
2916 2480 2963 2676 ratibus.
2900 3093 2938 3146 40

2838 1488 2895 1747 praedator
2831 1782 2894 1915 cupit
2842 1952 2892 2221 immensos
2838 2258 2887 2483 obsidere
2821 2522 2867 2737 camp08‚

2771 1554 2807 1604 ut
2768 1643 2813 1795 multa
2764 1832 2815 2087 innumera
2747 2122 2810 2285 iugera
2745 2321 2796 2488 pascat
2756 2525 2787 2653 oue:

2691 1484 2737 1561 eui
2674 1600 2735 1720 lapis
2684 1758 2723 1983 externus
2682 2022 2713 2165 curae
2668 2201 2717 2286 est,
2662 2326 2725 2558 urbisque
2672 2596 2721 2808 tumultu

2594 1551 2645 1768 portatur
2604 1804 2652 1978 ualidis
2602 2017 2651 2147 mille
2599 2183 2645 2414 columna
2582 2450 2645 2586 iugis,

2527 1482 2575 1665 claudit
2525 1702 2564 1749 et
2523 1786 2573 2081 indomitum
2520 2122 2566 2275 moles
2507 2313 2550 2456 mare,
2515 2498 2562 2657 lentus
2514 2693 2553 2746 ut
2512 2782 2562 2907 intra
2496 3089 2534 3139 45

2432 1548 2493 1770 neglegat
2444 1807 2493 2035 hibernas
2429 2072 2490 2217 piscis
2438 2253 2486 2426 adesse
2436 2463 2485 2631 minas.

2369 1479 2407 1525 at
2368 1564 2415 1681 mihi
2365 1720 2412 1845 laeta
2364 1881 2410 2072 trahant
2361 2111 2409 2302 Samiae
2358 2338 2406 2569 conuiuia
2354 2605 2395 2757 testae

2270 1544 2334 1756 fictaque
2281 1793 2332 2019 Cumana
2282 2054 2330 2239 lubrica
2280 2276 2319 2399 terra
2279 2434 2317 2551 rota.

2208 1478 2253 1571 heu
2207 1610 2253 1704 heu
2202 1742 2253 1977 diuitibus
2202 2015 2251 2163 uideo
2187 2197 2246 2408 gaudere
2184 2444 2242 2659 puellas:

2128 1544 2174 1638 iam
2120 1678 2173 1877 ueniant
2108 1913 2168 2137 praedae,
2119 2177 2168 2215 si
2118 2252 2164 2421 Venus
2102 2458 2154 2595 optat
2101 2629 2145 2782 opes:
2097 3080 2135 3133 50

2048 1476 2086 1525 ut
2047 1563 2078 1672 mea
2045 1708 2093 1893 luxuria
2042 1931 2089 2157 Nemesis
2040 2196 2085 2313 fluat
2023 2350 2075 2501 utque
2021 2538 2066 2624 per
2032 2659 2081 2831 urbem

1967 1539 2016 1734 incedat
1965 1771 2012 1914 donis
1948 1952 2009 2303 conspicienda
1958 2339 2006 2474 meis.
1958 2503 1960 2505 ,

1888 1470 1935 1549 illa
1873 1585 1924 1718 gerat
1884 1754 1922 1915 uestes
1871 1953 1922 2139 tenues,
1866 2180 1910 2299 quas
1876 2337 1925 2519 femina
1873 2556 1921 2662 Coa

1795 1535 1854 1700 texuit,
1804 1739 1843 1930 auratas
1785 1967 1850 2307 disposuitque
1796 2344 1845 2477 uias:

1679 1521 1714 1567 31
1688 1603 1713 1697 cara
1674 1726 1721 1754 ψ
1673 1932 1709 1984 33
1683 2016 1707 2061 es
1682 2098 1719 2158 V:
1680 2203 1713 2266 est
1681 2296 1717 2338 A
1664 2518 1707 2611 post
1663 2642 1699 2695 34
1670 2731 1711 2921 lacunam
1656 2952 1703 3125 agnouit

1634 1466 1675 1714 Lachmann
1620 1952 1654 2086 35—42
1628 2117 1665 2264 habent
1625 2282 1663 2380 Par.
1610 2623 1655 2676 36
1620 2706 1650 2768 est
1607 2790 1654 2993 adoperta
1612 3022 1652 3120 Par.

1572 1466 1619 1517 38
1569 1550 1606 1746 morsque
1566 1768 1615 2002 propinqua
1574 2036 1612 2135 Par.
1562 2307 1595 2360 40
1569 2390 1595 2481 curn
1567 2504 1605 2650 tribuit
1565 2672 1603 2796 dubie
1563 2816 1601 2965 bellica
1560 2986 1593 3119 rostra

1528 1467 1565 1545 rati
1526 1576 1565 1676 Par.
1514 1846 1548 1891 41
1521 1926 1559 2122 obsidere
1518 2152 1558 2250 Par.
1519 2275 1542 2282 τ
1516 2316 1555 2523 obsistere
1515 2554 1551 2595 A
1502 2761 1536 2811 42
1511 2843 1542 2887 ut
1508 2917 1547 3044 Pan:
1508 3076 1538 3117 et

1476 1462 1513 1503 Α
1462 1683 1497 1734 43
1470 1766 1507 1942 tumultu
1468 1982 1506 2031 V:
1466 2073 1502 2239 tumulti
1465 2270 1503 2340 A:
1461 2381 1498 2583 tumultus
1450 2613 1495 2669 xp:
1448 2709 1495 2883 urbique
1454 2916 1492 3118 tumultus

1421 1464 1458 1593 nescio
1409 1613 1455 1705 qzsseis
1405 1808 1442 1859 45
1406 1872 1451 1941 -48
1415 1971 1453 2120 habent
1411 2137 1451 2237 Par.
1401 2326 1436 2377 45
1408 2409 1447 2573 claudat
1404 2595 1445 2694 Par.
1394 2784 1429 2833 47
1403 2865 1439 2964 mihi
1400 2986 1439 3085 Par.
1402 3108 1423 3115 :

1368 1462 1405 1534 tibi
1368 1565 1404 1606 Α
1364 1627 1403 1839 Baehrens
1363 1858 1396 1950 ante
1361 1969 1398 2080 lnmc
1359 2100 1384 2269 uersum
1356 2290 1395 2485 lacunam
1353 2505 1387 2690 statuens
1339 2849 1374 2901 49
1347 2932 1385 3038 eheu
1346 3072 1384 3110 d.

1312 1460 1352 1670 Baehrens
1299 1835 1335 1888 50
1307 1919 1333 2066 rursus
1294 2085 1343 2222 incipit
1306 2258 1342 2297 V
1291 2444 1328 2495 53
1290 2526 1331 2643 gerat
1287 2672 1333 2729 gb:
1288 2759 1333 2867 gerit
1295 2888 1333 2929 Α
