5010 3336
921 1323 967 1449 LIB.

1048 2668 1102 2815 atque
1042 2469 1106 2632 aliqua
1045 2196 1094 2433 adsiduae
1048 1988 1095 2158 textrix
1059 1752 1111 1950 operata
1050 1465 1100 1714 mineruae
1064 1151 1116 1202 65

1132 2573 1181 2750 cantat,
1135 2485 1172 2532 et
1142 2422 1173 2449 a
1129 2241 1187 2384 pulso
1130 2109 1175 2204 tela
1139 1931 1175 2072 sonat
1132 1733 1178 1893 latere.

1201 2715 1263 2816 ipse
1221 2478 1267 2678 quoque
1206 2316 1255 2441 inter
1225 2142 1269 2281 agros
1209 1881 1272 2102 interque
1222 1624 1260 1845 armenta
1214 1387 1277 1585 Cupido

1293 2611 1332 2752 natus
1296 2526 1334 2573 et
1286 2223 1335 2488 indomitas
1289 2007 1337 2185 dicitur
1291 1847 1339 1970 inter
1310 1647 1355 1810 equas.

1362 2726 1410 2820 illic
1364 2485 1414 2688 indocto
1367 2238 1429 2448 primum
1386 2146 1417 2197 se
1371 1897 1418 2109 exercuit
1389 1716 1419 1861 arcu:

1443 2714 1490 2757 ei
1445 2542 1505 2674 mihi,
1464 2354 1509 2501 quam
1451 2143 1497 2314 doctas
1468 1972 1498 2105 nunc
1454 1786 1500 1934 habet
1454 1670 1502 1748 ille
1462 1423 1504 1630 manus!
1479 1154 1521 1204 70

1540 2734 1570 2824 nec
1529 2468 1586 2697 pecudes,
1532 2292 1577 2426 uelut
1541 2128 1589 2255 ante,
1533 1938 1593 2088 petit:
1534 1728 1582 1887 fixisse
1540 1504 1598 1690 puellas

1606 2618 1666 2762 gestit
1618 2534 1655 2581 et
1612 2284 1659 2498 audaces
1614 1908 1673 2247 perdomuisse
1615 1727 1663 1869 uiros.

1684 2749 1731 2826 hic
1686 2545 1735 2711 iuueni
1692 2301 1739 2507 detraxit
1710 2132 1755 2264 opes,
1694 2012 1741 2091 hic
1695 1812 1743 1974 dicere
1697 1637 1745 1774 iussit

1765 2613 1815 2762 limen
1772 2513 1817 2577 ad
1770 2328 1819 2475 iratae
1774 2139 1821 2291 uerba
1777 1868 1836 2102 pudenda
1794 1631 1826 1830 senem:

1848 2737 1893 2829 hoc
1850 2573 1898 2700 duce
1855 2304 1901 2535 custodes
1856 2102 1902 2266 furtim
1866 1768 1919 2064 transgressa
1860 1516 1909 1731 iacentes
1884 1189 1898 1207 μ

1929 2704 1975 2767 ad
1928 2435 1979 2666 iuuenem
1936 2184 1982 2397 tenebris
1938 2042 1984 2144 sola
1941 1841 2000 2005 puella
1940 1669 1988 1804 uenit

2017 2787 2054 2833 et
2010 2540 2070 2750 pedibus
2024 2177 2077 2502 praetemptat
2017 2050 2065 2139 iter
2036 1776 2081 2013 suspensa
2023 1550 2078 1738 timore,

2092 2551 2152 2769 explorat
2110 2342 2143 2514 caecas
2097 2226 2144 2305 cui
2116 2013 2146 2187 manus
2112 1862 2149 1975 ante
2102 1708 2150 1823 uias.

2186 2810 2215 2837 a
2171 2599 2230 2771 miseri,
2192 2433 2236 2557 quos
2178 2315 2225 2394 hic
2180 2069 2242 2278 grauiter
2183 1911 2229 2032 deus
2189 1703 2246 1871 urget!
2196 1607 2233 1655 at
2187 1489 2234 1568 ille

2251 2647 2311 2770 felix,
2256 2528 2302 2607 cui
2258 2266 2319 2489 placidus
2262 2057 2309 2230 leniter
2266 1872 2311 2021 adflat
2268 1668 2313 1834 Amor.
2282 1169 2318 1217 82

2342 2658 2391 2839 sancte,
2337 2503 2383 2617 ueni
2339 2256 2401 2466 dapibus
2342 2072 2400 2217 festis,
2346 1943 2391 2029 sed
2362 1775 2407 1905 pone
2348 1541 2409 1738 sagittas

2423 2727 2459 2773 et
2419 2519 2476 2689 procul
2422 2254 2469 2482 ardentes
2423 2101 2471 2215 hinc
2441 1891 2486 2063 precor
2427 1728 2475 1858 abde
2431 1548 2477 1690 faces,

2510 2754 2541 2840 uos
2498 2472 2546 2716 celebrem
2512 2241 2550 2434 cantate
2505 2055 2551 2203 deum
2507 1752 2569 2016 pecorique
2520 1539 2558 1715 uocate

2592 2619 2625 2775 uoce:
2582 2410 2641 2569 palam
2585 2190 2645 2369 pecori,
2588 2023 2634 2148 clam
2587 1890 2635 1983 sibi
2589 1644 2651 1853 quisque
2602 1448 2639 1607 uocet.

2666 2764 2702 2846 aut
2658 2580 2705 2726 etiam
2660 2450 2708 2540 sibi
2664 2200 2727 2410 quisque
2669 1967 2728 2162 palam:
2686 1802 2716 1917 nam
2672 1622 2719 1759 rurba
2672 1418 2721 1585 iocosa
2687 1179 2735 1226 85

2737 2542 2801 2780 obstrepit
2752 2458 2790 2505 et
2746 2209 2807 2420 Phrygio
2747 2052 2795 2171 tibia
2766 1866 2796 2015 curua
2768 1693 2799 1829 sono.

2817 2664 2865 2845 ludite:
2820 2518 2868 2614 iam
2825 2366 2871 2480 Nox
2826 2174 2888 2328 iungit
2846 1968 2890 2135 equos,
2848 1631 2895 1926 currumque
2846 1323 2897 1593 sequuntur

2900 2617 2948 2783 matris
2904 2393 2953 2578 lasciuo
2906 2196 2956 2355 sidera
2911 2026 2956 2159 fulua
2912 1823 2970 1988 chor0,

2990 2642 3042 2849 postque
2985 2469 3031 2604 uenit
2987 2255 3035 2430 tacitus
2990 2066 3036 2216 furuis
2991 1695 3042 2027 circumdatus
2996 1570 3043 1657 alis

3063 2572 3111 2785 Somnus
3075 2487 3113 2534 et
3066 2262 3115 2449 incerto
3072 2021 3119 2223 Somnia
3073 1849 3138 1982 nigra
3078 1672 3139 1811 pede.
3102 1182 3142 1235 90

3192 2750 3237 2802 65
3192 2554 3230 2719 assidue
3193 2482 3230 2523 A
3197 2241 3235 2368 textis
3202 2183 3246 2211 ψ
3201 1854 3239 2071 mine1uae
3208 1768 3253 1823 ψε
3205 1504 3244 1735 mineruam
3207 1430 3244 1470 A
3214 1184 3248 1236 66

3256 2834 3279 2857 a
3245 2691 3291 2810 pulso
3245 2446 3287 2658 Muretus:
3252 2234 3297 2413 appulso
3252 2134 3291 2201 A:
3255 1897 3302 2101 applauso
3260 1836 3306 1864 ψ
3258 1700 3307 1811 uulg.
3264 1445 3309 1495 67
3275 1289 3310 1413 agros
3266 1186 3301 1257 A:

3309 2704 3346 2857 greges
3299 2626 3336 2682 V:
3314 2477 3349 2603 apros
3303 2406 3341 2459 R.
3304 2259 3341 2384 Klots
3320 2231 3342 2238 :
3307 2118 3354 2207 ipse
3308 1903 3357 2094 interque
3323 1734 3358 1885 greges
3316 1690 3360 1717 ψ
3327 1662 3350 1669 ;
3314 1548 3362 1638 ipsc
3314 1336 3363 1529 interque
3330 1187 3365 1321 agnos

3349 2763 3388 2855 Otto
3367 2544 3402 2594 73
3369 2409 3405 2513 opes
3361 2332 3408 2389 ψς
3371 2195 3407 2301 opus
3360 2122 3395 2162 A
3364 1900 3400 1951 88
3365 1739 3403 1867 choro
3380 1655 3416 1713 g:
3369 1500 3406 1622 thoro
3370 1429 3406 1468 A
3373 1194 3419 1258 89.

3416 2807 3451 2860 90
3405 2630 3444 2777 habent
3408 2507 3448 2603 Par.
3414 2200 3462 2253 89
3422 1992 3465 2170 postque
3417 1832 3468 1969 uenit]
3420 1646 3460 1805 accedit
3421 1525 3461 1622 Par.
3424 1273 3462 1406 furuis
3438 1190 3475 1249 g:

3457 2736 3498 2860 fuluis
3462 2666 3498 2706 A
3462 2541 3501 2641 Par.

3801 2606 3830 2813 Ttm'LLVS
