5010 3336
3970 1451 4014 1734 TIBVLLI

3817 1447 3879 1763 pomosisque
3831 1802 3878 1943 ruber
3832 1982 3869 2145 custos
3816 2183 3870 2392 ponatur
3833 2430 3879 2477 in
3831 2516 3879 2667 hortis

3750 1514 3788 1687 terreat
3752 1725 3789 1776 ut
3752 1814 3782 1960 saeua
3752 1998 3796 2119 falee
3737 2159 3799 2359 Priapus
3752 2398 3781 2527 aues.

3669 1449 3698 1535 uos
3655 1573 3699 1784 quoque,
3670 1826 3717 1978 felicis
3656 2016 3715 2283 quondam,
3670 2324 3700 2456 nune
3654 2494 3717 2717 pauperis
3655 2755 3716 2851 agri

3578 1513 3634 1757 Custodes,
3590 1800 3637 1931 fertis
3590 1970 3619 2171 munera
3579 2210 3627 2382 uestra,
3590 2427 3634 2586 Lares.
3590 3050 3617 3097 20

3508 1446 3544 1563 tune
3508 1602 3555 1753 uitula
3508 1791 3556 2073 innumeros
3509 2112 3555 2347 lustrabat
3509 2386 3539 2525 caesa
3508 2564 3555 2828 iuuencos:

3427 1512 3457 1643 nune
3413 1680 3458 1804 agna
3414 1841 3475 1999 exigui
3428 2037 3467 2108 est
3429 2145 3476 2304 hostia
3415 2342 3459 2490 parua
3429 2528 3475 2629 soli.

3332 1444 3376 1569 agna
3347 1606 3393 1747 cadet
3336 1786 3396 1947 uobis,
3334 1987 3379 2133 quam
3349 2173 3396 2354 eireum
3349 2394 3396 2571 rustica
3334 2608 3395 2763 pubes

3267 1512 3311 1689 elamet
3267 1732 3315 1803 ‘io
3268 1842 3299 2024 messes
3268 2064 3307 2110 et
3268 2149 3314 2281 bona
3269 2318 3316 2433 uina
3268 2470 3314 2613 date.'

3186 1445 3231 1538 iam
3176 1580 3234 1711 mihi,
3187 1753 3233 1849 iam
3172 1888 3235 2071 possim
3188 2111 3226 2371 contentus
3188 2411 3235 2576 uiuere
3174 2614 3218 2766 paruo
3176 3051 3215 3097 25

3105 1512 3135 1603 nec
3091 1641 3136 1833 semper
3092 1870 3151 2043 longae
3106 2082 3154 2276 deditus
3107 2315 3137 2419 esse
3098 2458 3153 2577 uiae,

3023 1445 3069 1530 sed
3023 1571 3072 1719 Canis
3025 1756 3073 1968 aestiuos
3026 2009 3063 2141 ortus
3026 2181 3073 2333 uitare
3026 2372 3073 2463 sub
3026 2502 3073 2673 umbra

2943 1510 2991 1693 arboris
2944 1732 2990 1794 ad
2945 1831 2992 1960 riuos
2930 1998 2992 2350 praetereuntis
2930 2388 2975 2556 aquae.

2862 1444 2893 1533 nee
2863 1572 2900 1735 tamen
2864 1774 2911 2019 interdum
2851 2058 2909 2241 pudeat
2865 2280 2911 2492 tenuisse
2864 2530 2911 2781 bidentem

2782 1511 2820 1593 aut
2783 1632 2831 1832 stimulo
2784 1871 2829 2034 tardos
2770 2074 2832 2371 increpuisse
2773 2410 2831 2595 boues3
2774 3047 2811 3098 30

2702 1445 2731 1543 non
2688 1581 2733 1821 agnamue
2704 1859 2751 1966 sinu
2690 2005 2751 2164 pigeat
2705 2203 2749 2419 fetumue
2690 2459 2749 2671 capellae

2620 1511 2665 1758 desertum
2622 1798 2669 1950 oblita
2622 1989 2659 2140 matre
2623 2180 2668 2352 referre
2624 2391 2669 2692 domum.

2540 1442 2576 1489 at
2540 1528 2570 1615 uos
2526 1655 2587 1828 exiguo
2527 1867 2590 2044 pecori,
2528 2087 2587 2313 furesque
2528 2351 2590 2565 lupique,

2444 1512 2507 1723 parcite:
2460 1774 2506 1836 de
2447 1874 2491 2052 magno
2447 2092 2507 2271 praeda
2447 2310 2507 2523 petenda
2446 2559 2492 2713 grege,

2378 1443 2425 1557 hinc
2364 1595 2409 1685 ego
2366 1724 2418 2067 pastoremque
2382 2106 2411 2270 meum
2381 2310 2426 2510 lustrare
2368 2549 2418 2668 quot
2381 2705 2429 2845 annis
2372 3052 2411 3099 35

2297 1511 2334 1557 et
2284 1594 2347 1836 placidam
2301 1877 2346 2011 soleo
2287 2050 2331 2271 spargere
2302 2309 2347 2433 laete
2302 2472 2346 2652 Palem.

2208 1442 2265 1623 adsitis,
2208 1665 2267 1779 diui,
2220 1821 2250 1917 neu
2221 1955 2250 2043 uos
2221 2082 2251 2107 e
2206 2145 2251 2357 paupere
2221 2394 2251 2563 mensa

2136 1511 2181 1642 dona
2138 1680 2168 1771 nee
2138 1809 2168 1835 e
2124 1872 2185 2003 puris
2125 2044 2186 2255 spernite
2140 2296 2187 2607 fictilibus-Q
2154 2753 2167 2820 ·-

2055 1442 2103 1607 fictilia
2044 1644 2104 1874 antiquus
2044 1912 2105 2122 primum
2059 2164 2106 2253 sibi
2060 2292 2107 2405 feeit
2045 2443 2106 2641 agrestis

1960 1510 2031 1701 poeula,
1976 1744 2022 1806 de
1977 1845 2024 1970 facili
1963 2012 2025 2391 composuitque
1978 2432 2022 2619 luto—
1969 3046 2005 3099 40

1893 1442 1923 1543 non
1880 1582 1925 1671 ego
1896 1709 1943 1903 diuitias
1882 1943 1934 2134 patrum
1883 2176 1941 2458 fructusque
1883 2498 1944 2703 requiro,

1799 1511 1844 1635 quos
1816 1674 1862 1781 tulit
1802 1819 1863 2021 antiquo
1816 2062 1863 2262 condita
1816 2303 1864 2472 messis
1816 2511 1847 2635 auo:

1718 1443 1763 1593 parua
1720 1630 1765 1765 seges
1736 1805 1782 1918 satis
1724 1958 1773 2059 est3
1736 2111 1783 2224 satis
1725 2266 1772 2351 est,
1722 2392 1783 2693 requiescere
1736 2730 1782 2858 lecto

1652 1511 1699 1546 si
1652 1586 1699 1697 lieet
1653 1736 1691 1782 et
1654 1819 1700 1962 solito
1653 2005 1699 2226 membra
1654 2264 1699 2425 leuare
1655 2462 1691 2581 toro.

1523 1502 1558 1547 17
1534 1582 1571 1707 ruber
1535 1737 1572 1885 habent
1534 1908 1571 1973 Fr.
1527 2146 1560 2194 24
1525 2229 1572 2450 clametg:
1537 2483 1574 2634 clamat
1539 2667 1576 2707 A
1528 2877 1564 2927 25
1538 2957 1577 3099 habens

1479 1443 1516 1539 Par.
1479 1564 1517 1629 Fr.
1481 1746 1515 1825 iam
1482 1848 1517 1947 mihi
1481 1972 1517 2051 iam
1470 2075 1517 2228 possim
1481 2250 1520 2523 Schneidewin
1483 2548 1506 2556 :
1482 2590 1519 2669 iam
1484 2692 1521 2817 modo
1485 2840 1521 2918 iam
1474 2941 1521 3094 possim

1425 1444 1461 1512 Fr.
1426 1539 1448 1547 :
1427 1579 1463 1658 iam
1427 1681 1463 1803 modo
1427 1827 1450 1910 non
1416 1936 1451 2106 possum
1429 2131 1463 2169 A
1428 2195 1450 2201 ι
1416 2234 1463 2390 quippe
1419 2415 1452 2493 ego
1430 2517 1465 2596 iam
1418 2619 1454 2788 possum
1430 2812 1468 2906 Pw.
1431 3020 1465 3096 26ss

1361 1445 1395 1496 32
1372 1526 1408 1673 habent
1373 1693 1409 1789 Par.
1361 1931 1397 1979 27
1372 2014 1408 2117 ictus
1363 2139 1410 2302 Bentley
1364 2439 1398 2490 29
1375 2521 1411 2732 bidentem
1376 2754 1414 2850 Par.
1377 2875 1399 2883 z
1377 2905 1413 3099 bidentes

1318 1454 1354 1502 V:
1317 1534 1354 1726 ludentes
1318 1748 1355 1786 A
1306 1928 1343 1993 33,
1308 2019 1342 2069 34
1320 2101 1356 2247 liabent
1321 2266 1357 2362 Par.
1320 2388 1357 2457 Fr.
1311 2590 1345 2641 34
1311 2673 1346 2824 magno
1322 2840 1359 2906 Fr.
1322 2926 1360 3024 Par.
1324 3050 1347 3063 1
1322 3089 1346 3097 :

1252 1446 1287 1597 magno
1262 1620 1293 1683 est
1263 1705 1300 1744 A
1265 1771 1302 1871 Par.
1266 1896 1289 1918 2
1255 2084 1290 2133 35
1267 2166 1302 2262 hinc
1256 2284 1303 2447 scripsi:
1268 2483 1303 2547 hie
1269 2570 1305 2610 A
1258 2790 1293 2921 37—44
1269 2953 1305 3099 habent

1208 1446 1245 1543 Par.
1199 1718 1233 1766 37
1210 1798 1234 1873 uos
1200 1895 1235 2061 quoque
1212 2085 1247 2229 adeste
1213 2253 1249 2319 dei
1212 2350 1249 2449 Par.
1214 2555 1237 2634 neu
1215 2658 1251 2698 A
1213 2720 1236 2726 2
1214 2760 1238 2837 nee
1213 2860 1251 2959 Par.
1216 3074 1239 3096 e

1154 1447 1191 1542 Par.
1153 1568 1177 1577 ε
1154 1622 1186 1663 et
1155 1696 1192 1736 A
1146 1939 1181 1984 41
1158 2024 1194 2231 fructusue
1158 2263 1195 2361 Par.
1149 2548 1183 2599 43
1159 2629 1196 2730 satis
1160 2751 1191 2814 est
1160 2836 1184 2921 uno
1160 2944 1185 2975 r.
1162 2999 1199 3096 Par.

1100 1448 1131 1559 tecto
1088 1590 1133 1618 ψ
1092 1784 1125 1833 44
1102 1863 1139 1897 si
1102 1921 1139 2017 lieet
1090 2037 1137 2091 gb:
1104 2123 1141 2283 seilicet
1105 2304 1141 2343 A
1104 2369 1141 2466 Par.
