5010 3336
3975 1466 4024 1751 TIBVLLI

3838 1463 3883 1565 sola
3835 1604 3874 1767 tenere
3832 1806 3878 1955 malas
3828 1994 3876 2204 Medeae
3826 2241 3873 2416 dicitur
3810 2453 3869 2641 herbaS‚

3758 1529 3802 1631 sola
3755 1668 3801 1793 feros
3750 1832 3798 2055 Hecatae
3735 2091 3793 2428 perdomuisse
3741 2464 3773 2625 canes.

3677 1462 3723 1581 haec
3675 1620 3722 1735 mihi
3656 1776 3716 2052 composuit
3655 2089 3704 2273 cantus,
3650 2315 3710 2421 quis
3659 2459 3707 2621 fallere
3644 2659 3688 2859 posses:

3596 1528 3633 1597 ter
3583 1634 3625 1767 cane,
3591 1810 3629 1879 ter
3588 1915 3637 2059 dictis
3571 2097 3631 2282 despue
3579 2320 3627 2629 carminibus.

3517 1458 3565 1537 ille
3515 1574 3562 1693 nihil
3499 1732 3558 1907 poterit
3509 1944 3555 2007 de
3507 2045 3554 2186 nobis
3502 2224 3549 2421 credere
3486 2458 3548 2700 cuiquam,

3436 1524 3466 1623 nori
3422 1661 3481 1767 sibi,
3432 1807 3479 1846 si
3431 1884 3478 1932 in
3428 1972 3475 2103 molli
3425 2144 3473 2318 uiderit
3408 2356 3470 2459 ipse
3419 2496 3457 2614 toro.

3358 1457 3395 1505 tu
3354 1546 3393 1709 tamen
3350 1746 3399 1992 abstineas
3347 2028 3394 2165 aliis:
3345 2215 3375 2326 nam
3340 2366 3379 2525 cetera
3337 2563 3373 2727 cernet

3274 1523 3321 1719 onmia:
3272 1769 3318 1831 de
3270 1868 3300 1947 me
3268 1984 3299 2085 uno
3264 2122 3312 2297 sentiet
3262 2334 3311 2412 ille
3260 2450 3308 2584 nihil.

3184 1454 3243 1571 quid
3191 1610 3239 1848 credam?
3174 1906 3219 2085 nempe
3185 2123 3232 2243 haec
3183 2281 3228 2453 eadem
3180 2492 3210 2542 se
3178 2579 3225 2699 dixit
3172 2735 3206 2926 amores

3113 1519 3160 1742 cautibus
3111 1780 3148 1861 aut
3108 1900 3155 2062 herbis
3104 2101 3150 2290 soluere
3089 2326 3133 2470 posse
3086 2508 3130 2660 meos,
3090 3056 3131 3109 60

3037 1451 3073 1496 et
3034 1536 3065 1613 me
3030 1650 3078 1870 lustrauit
3016 1909 3074 2075 taedis,
3026 2118 3063 2164 et
3023 2203 3060 2347 nocte
3020 2386 3052 2555 serena

2951 1516 3000 1732 concidit
2949 1769 2995 1831 ad
2933 1871 2994 2085 magicos
2944 2124 2990 2281 hostia
2928 2319 2985 2449 pulla
2938 2487 2985 2619 deos.

2875 1451 2905 1547 non
2859 1586 2903 1676 ego
2870 1715 2909 1843 totus
2866 1879 2915 2073 abesset
2853 2109 2895 2258 amor,
2862 2300 2907 2386 sed
2858 2425 2897 2621 mutuus
2844 2659 2893 2797 esset,

2782 1513 2839 1726 orabam,
2789 1769 2819 1859 nec
2787 1896 2825 1942 te
2772 1980 2816 2124 posse
2782 2161 2814 2321 carere
2779 2359 2827 2521 uelim.

2712 1446 2759 1623 ferreus
2710 1661 2758 1739 ille
2708 1777 2755 1865 fuit
2693 1903 2753 1999 qui,
2704 2041 2742 2087 te
2703 2123 2733 2235 curn
2687 2274 2736 2438 posset
2684 2476 2745 2669 habere,
2676 3052 2727 3101 65

2629 1513 2677 1732 maluerit
2613 1770 2670 1974 praedas
2623 2012 2668 2187 stultus
2621 2225 2658 2271 et
2619 2307 2650 2440 arma
2602 2476 2663 2627 sequi.

2551 1444 2598 1519 ille
2549 1558 2597 1668 licet
2545 1706 2594 1917 Cilicum
2542 1956 2590 2110 uictas
2525 2146 2578 2256 agat
2537 2292 2576 2405 ante
2522 2441 2573 2674 cateruas,

2456 1509 2505 1657 ponat
2466 1695 2505 1741 et
2466 1779 2513 1828 in
2448 1866 2501 2011 capto
2459 2050 2507 2228 Martia
2457 2264 2494 2419 castra
2444 2456 2500 2581 solo,

2391 1441 2429 1568 totus
2388 1607 2425 1652 et
2371 1690 2422 1891 argento
2370 1928 2419 2198 contextus,
2378 2241 2415 2370 totus
2376 2410 2413 2456 et
2363 2492 2405 2624 auro,

2306 1508 2356 1713 insideat
2304 1753 2351 1895 celeri
2287 1933 2347 2313 conspiciendus
2282 2351 2326 2510 equ03
2273 3047 2317 3096 γε)

2215 1439 2277 1540 ipse
2225 1580 2273 1730 boues
2224 1769 2254 1878 mea
2223 1915 2270 1952 si
2220 1992 2259 2152 tecum
2217 2194 2262 2344 niodo
2214 2383 2261 2525 Delia
2198 2562 2258 2744 possim

2133 1504 2194 1701 iungere
2145 1739 2183 1786 et
2144 1822 2191 1870 in
2140 1909 2188 2053 solito
2125 2089 2170 2288 pascere
2133 2326 2171 2493 monte
2118 2531 2162 2693 pecus,

2069 1434 2105 1478 ct
2067 1518 2104 1563 te
2066 1600 2111 1717 dum
2063 1757 2111 1898 liceat
2059 1936 2107 2112 teneris
2055 2150 2105 2355 retinere
2041 2391 2100 2593 lacertis,

1986 1502 2033 1658 mollis
1984 1696 2023 1743 et
1981 1779 2031 1962 inculta
1979 1998 2027 2059 sit
1978 2096 2025 2215 mihi
1974 2253 2006 2455 somnus
1971 2492 2017 2657 humo.

1892 1431 1954 1550 quid
1891 1588 1952 1735 Tyrio
1899 1772 1947 2004 recubare
1897 2041 1937 2147 toro
1895 2185 1943 2288 sine
1892 2325 1924 2491 amore
1888 2528 1933 2747 secundo
1902 3037 1915 3055 *-

1811 1498 1870 1694 prodest
1822 1732 1853 1843 cum
1819 1882 1865 1998 fletu
1817 2036 1847 2133 nox
1800 2168 1863 2415 uigilanda
1810 2452 1857 2626 uenit?

1746 1430 1775 1539 nam
1729 1580 1774 1740 neque
1740 1777 1779 1893 tunc
1725 1930 1784 2127 plumae
1734 2164 1765 2254 nec
1718 2292 1776 2500 stragula
1716 2538 1777 2666 picta
1711 2702 1758 2926 soporem

1664 1494 1694 1583 nec
1660 1621 1709 1808 sonitus
1646 1845 1705 2067 placidae
1652 2105 1700 2283 ducere
1638 2320 1687 2484 posset
1634 2520 1679 2691 aquae.

1586 1427 1614 1541 num
1581 1581 1628 1785 Veneris
1564 1825 1609 2029 magnae
1574 2066 1622 2247 uiolaui
1571 2286 1618 2487 numina
1558 2524 1615 2689 uerbo,

1504 1492 1541 1537 et
1502 1578 1533 1685 mea
1499 1721 1530 1853 nunc
1483 1892 1527 2075 poenas
1478 2113 1541 2261 impia
1476 2300 1539 2462 lingua
1488 2499 1535 2627 luit?
1482 3029 1519 3079 80

1374 1475 1409 1527 52
1372 1560 1418 1899 pei‘donuisseA
1367 1971 1413 2022 58
1376 2055 1414 2121 ille
1363 2143 1407 2195 ils:
1363 2229 1411 2373 ipseA
1361 2447 1395 2499 59
1358 2530 1406 2625 quin
1366 2650 1403 2842 credam?
1363 2875 1402 3076 Baehrem

1320 1419 1366 1469 65
1314 1501 1358 1723 possetg:
1315 1755 1362 1884 possit
1326 1909 1363 1950 A
1311 2117 1346 2161 71
1319 2198 1355 2319 modo
1319 2353 1356 2385 si
1305 2423 1348 2571 tecum,
1314 2613 1339 2704 mea
1312 2744 1349 2791 D.
1300 2834 1344 2861 ψ
1298 3028 1343 3079 73

1266 1421 1311 1550 possit
1261 1584 1307 1609 ψ
1262 1779 1296 1829 79
1259 1860 1305 1996 magni
1269 2030 1306 2067 A
1266 2248 1302 2301 80
1264 2332 1295 2409 nuc
1262 2443 1299 2512 A:
1261 2558 1286 2653 num
1262 2694 1298 2731 V
