5010 3336
963 1727 1013 2131 PRAEFATIO

1099 2488 1145 2787 adseruatus.
1097 2321 1145 2401 hic
1116 2161 1147 2278 uero
1102 2035 1162 2118 qui
1104 1787 1152 1989 nomine
1106 1382 1167 1734 ‘fragmentum
1108 1123 1157 1341 Cuiacia-

1180 2642 1225 2787 num'
1188 2488 1226 2605 nota
1181 2408 1226 2463 F
1180 2094 1242 2377 designatus
1195 1988 1231 2060 est
1202 1838 1232 1949 cum
1203 1724 1247 1809 per
1196 1622 1234 1693 tot
1205 1428 1235 1584 annos
1206 1338 1237 1399 ne
1192 1124 1237 1310 mentio

1259 2590 1320 2790 quidem
1260 2346 1323 2569 eius'ulla
1261 2186 1309 2327 fuerit
1265 1920 1325 2168 deperisse
1269 1697 1315 1899 fortasse
1271 1431 1330 1679 putandus
1280 1324 1317 1409 est.
1273 1122 1320 1265 Cuia-

1339 2595 1387 2792 Cianum
1341 2431 1388 2567 illum
1360 2297 1390 2402 esse
1360 2121 1404 2270 quem
1346 1882 1394 2093 diximus
1348 1628 1397 1854 codicem
1350 1504 1397 1600 iam
1368 1436 1398 1477 a.
1355 1277 1412 1401 1876
1354 1124 1401 1248 uidit

1430 2503 1484 2793 ceterosque
1423 2285 1472 2455 docuit
1429 1941 1489 2235 comparatis
1446 1769 1491 1895 quae
1430 1652 1478 1719 ibi
1431 1391 1480 1609 inessent
1436 1127 1497 1346 Properti

1502 2498 1552 2794 lectionibus
1509 2254 1556 2459 Arturus
1511 2016 1557 2209 Palmer
1512 1649 1559 1971 Dublinensis
1513 1550 1559 1599 in
1517 1125 1565 1498 Hermathenae

1594 2765 1631 2794 t.
1584 2689 1643 2734 ii,
1602 2580 1647 2659 pp.
1604 2459 1645 2549 124
1604 2326 1650 2432 sqq.
1591 2040 1639 2251 Palmeri
1593 1718 1641 2013 sententiam
1597 1512 1642 1691 eodem
1598 1374 1643 1485 1000
1614 1126 1659 1347 compro-

1665 2660 1712 2795 bauit
1667 2538 1713 2611 uir
1670 2315 1717 2491 doctus
1674 2197 1718 2255 R.
1673 2032 1719 2151 Ellis
1674 1802 1721 1982 Catulli
1676 1412 1737 1744 Scaligeranas
1678 1128 1727 1363 lectiones

1749 2493 1796 2795 conferendo
1760 2410 1797 2457 et
1752 2208 1812 2375 paucis
1754 2110 1800 2172 de
1754 1882 1801 2083 Tibullo
1766 1799 1803 1847 et
1756 1547 1818 1764 Priapeis
1758 1459 1804 1507 in
1762 1242 1807 1419 eodem
1761 1128 1807 1202 his

1843 2596 1889 2796 quoque
1829 2424 1877 2546 libro
1831 2174 1881 2374 inclusis
1833 1808 1896 2124 disputando.
1836 1598 1896 1732 liber,
1856 1397 1900 1545 quem
1842 1128 1904 1341 Scaliger

1908 2599 1957 2797 infimae
1914 2294 1961 2549 uetustatis
1932 2138 1963 2244 esse
1917 1751 1978 2089 compluribus
1919 1591 1966 1709 locis
1923 1277 1981 1549 confirmat,
1940 1130 1985 1229 quo

2000 2578 2051 2798 tempore
1993 2322 2055 2529 scriptus
1996 2211 2043 2271 sit
1999 2014 2045 2162 docet
1998 1861 2060 1965 ipsa
2001 1480 2062 1811 Propertianis
2004 1132 2053 1430 carminibus

2072 2678 2119 2798 haec
2072 2448 2121 2640 adiecta
2076 2080 2139 2411 subscriptio:

2154 2602 2201 2732 Sexti
2157 2391 2219 2559 aurelij
2160 2109 2221 2339 propertij
2171 1916 2221 2063 naute
2164 1548 2212 1866 monobiblos
2168 1436 2213 1499 ad
2167 1133 2216 1384 Cinthiam

2235 2565 2283 2801 foeliciter
2238 2332 2299 2529 explicit
2257 2203 2302 2289 per
2259 2085 2289 2163 me
2243 1780 2303 2042 pacificum
2246 1458 2294 1733 Maximum
2250 1356 2297 1419 de
2252 1131 2298 1318 Asculo

2316 2754 2361 2802 in
2317 2488 2378 2726 sapientia
2321 2310 2367 2461 ueteri
2323 2082 2371 2281 lss'erusie
2327 1912 2372 2060 Anno
2330 1740 2387 1878 1647,
2331 1688 2374 1714 <3
2328 1578 2376 1658 die
2330 1310 2393 1552 februarij.
2335 1133 2380 1242 Deo

2397 2629 2458 2804 gratias
2409 2556 2446 2603 et
2401 2358 2450 2527 Marie.
2405 2276 2449 2323 K
2410 2170 2451 2249 no.
2407 1948 2465 2141 gaudeo
2410 1851 2454 1913 K.

2480 2593 2539 2734 Quae
2482 2442 2528 2555 satis
2484 2347 2531 2410 ab
2483 2218 2531 2309 illis
2487 1977 2547 2183 probata
2498 1827 2535 1940 sunt
2490 1680 2537 1800 nihil
2490 1557 2538 1653 iam
2492 1387 2540 1530 nobis
2511 1236 2556 1359 opus
2506 1137 2543 1208 est

2570 2518 2622 2804 retractare3
2564 2359 2611 2479 Ellis
2574 2169 2613 2331 tamen
2584 2018 2614 2132 cum
2570 1920 2616 1983 de
2570 1685 2618 1886 Tibullo
2590 1557 2620 1658 rem
2591 1350 2635 1522 parum
2576 1138 2637 1322 liquere

2641 2619 2701 2805 dixerit,
2645 2416 2692 2579 locum
2664 2224 2693 2377 unum
2648 2098 2709 2182 qui
2653 1840 2712 2067 exemplo
2662 1678 2700 1806 esset
2654 1477 2701 1638 uisum
2666 1369 2703 1441 est
2657 1252 2704 1332 hic
2661 1139 2706 1219 ad-

2739 2611 2784 2806 ponere.
2727 2474 2773 2537 de
2743 2341 2775 2430 suo
2729 2028 2778 2299 Cuiaciano
2734 1925 2779 1989 ad
2735 1800 2779 1883 III
2752 1732 2780 1760 v
2750 1668 2795 1688 7
2736 1471 2783 1615 ‘nulli
2742 1141 2788 1425 temeranda

2806 2571 2852 2808 deorum'
2808 2320 2870 2533 Scaliger
2812 2026 2861 2285 adnotauit
2816 1813 2862 1984 ‘Haec
2833 1574 2878 1774 quoque
2819 1389 2867 1535 lectio
2830 1222 2868 1350 extat
2822 1144 2869 1191 in

2888 2636 2935 2809 codice
2888 2388 2939 2587 infimae
2893 2071 2941 2339 vetustatis.
2898 1910 2943 1996 sed
2897 1658 2958 1866 diligens
2900 1386 2948 1607 librarius
2905 1144 2951 1335 deornm

2968 2578 3029 2810 expunxit
2980 2482 3018 2529 et
2988 2346 3019 2433 sua
2990 2148 3021 2296 manu
2977 1920 3024 2098 eodem
2988 1714 3026 1868 tractu
2982 1453 3027 1670 virorum
2984 1143 3046 1404 apposuit.³

3065 2685 3109 2810 quae
3052 2500 3099 2651 uerba
3070 2347 3101 2460 cum
3054 2201 3116 2306 ipsa
3056 1914 3104 2169 Cuiaciani
3060 1671 3108 1882 lectione
3064 1571 3109 1634 ad
3065 1298 3111 1534 amussim
3084 1145 3127 1257 qua-

3132 2658 3179 2811 drant.
3134 2543 3180 2582 si
3135 2385 3196 2506 quid
3148 2188 3185 2359 contra
3140 2004 3187 2162 facere
3140 1770 3201 1976 uidetur,
3144 1509 3207 1738 Scaligeri
3150 1146 3211 1482 neglegentiae

3213 2445 3263 2813 attribuendum
3228 2332 3265 2417 est.
3236 2199 3267 2257 ea
3231 1976 3282 2161 quanta
3239 1845 3271 1950 esse
3226 1606 3286 1818 potuerit
3228 1275 3279 1579 documento
3249 1147 3279 1246 uno

3296 2680 3355 2814 quod
3297 2328 3345 2653 Cuiacianum
3302 1974 3363 2301 fragmentum
3306 1741 3366 1935 proprie
3308 1518 3370 1712 attingit
3310 1378 3357 1493 satis
3314 1152 3373 1351 patebit.

3376 2560 3438 2815 fragmenti
3378 2418 3426 2522 eius
3380 2331 3427 2379 in
3382 2074 3431 2292 editione
3384 1880 3446 2036 prima
3389 1442 3449 1825 Casz‘zgal‘z'ommz
3395 1150 3456 1396 (Lutetiae

3472 2779 3503 2818 a.
3459 2581 3521 2741 1577),
3477 2506 3521 2551 p.
3478 2380 3523 2470 149
3465 2308 3509 2352 A
3463 2168 3511 2275 talis
3466 1949 3513 2135 mentio
3469 1766 3516 1921 fuerat
3474 1527 3519 1727 ‘saevus
3490 1361 3521 1500 amor
3476 1154 3523 1336 docuit.

3539 2674 3586 2815 Haec
3540 2500 3602 2652 elegia
3560 2373 3589 2475 cum
3551 2254 3590 2346 loto
3546 2107 3592 2228 libro
3548 1974 3594 2082 ilem
3556 1903 3595 1948 et
3559 1709 3609 1882 quarto
3562 1555 3600 1683 extat
3553 1486 3601 1533 in
3555 1152 3605 1461 Bibliotheca

3619 2636 3667 2815 clariss.
3621 2510 3669 2596 viri
3625 2372 3671 2468 Iac.
3625 2126 3688 2330 Cuiacij.
3630 1894 3689 2047 Quod
3633 1529 3694 1856 fragmentum
3638 1152 3685 1488 emendatissi-

3716 2684 3747 2817 mum
3713 2571 3761 2655 est,
3714 2503 3750 2549 et
3705 2374 3753 2477 eius
3724 2252 3769 2346 ope
3711 2072 3757 2224 multa
3714 1869 3759 2050 menda
3712 1795 3759 1842 in
3715 1671 3761 1765 hoc
3726 1498 3777 1643 poeta
3717 1154 3767 1471 sustulimus.'

3782 2699 3829 2819 baec
3794 2491 3845 2661 postea
3786 2351 3849 2455 ipse
3788 2248 3836 2314 ita
3792 2006 3839 2211 correxit
3804 1916 3841 1968 ut
3806 1717 3843 1879 essent
3800 1498 3845 1671 ‘Haec
3798 1299 3861 1453 elegia
3818 1156 3849 1259 cum

3900 1979 3928 2007 V
