5010 3336
3973 1476 4023 1759 TIBVLLI

3824 1473 3869 1618 quam
3833 1658 3883 1755 cito
3817 1793 3863 2061 purpureos
3815 2102 3876 2325 deperdit
3826 2363 3865 2485 terra
3813 2522 3869 2722 colores,

3742 1540 3786 1686 quam
3752 1725 3800 1822 cito
3749 1859 3797 2095 formosas
3734 2134 3792 2346 populus
3746 2382 3791 2477 alta
3744 2514 3775 2692 comas.

3662 1471 3706 1618 quam
3661 1656 3721 1792 iacet,
3670 1834 3719 2054 infirmae
3668 2092 3699 2270 uenere
3667 2308 3714 2391 ubi
3665 2429 3711 2525 fata
3651 2563 3700 2804 senectae,

3580 1536 3641 1618 qui
3579 1656 3640 1784 prior
3591 1822 3636 1944 Eleo
3590 1981 3627 2053 est
3587 2092 3619 2282 carcere
3586 2317 3633 2493 missus
3570 2531 3614 2698 equus.

3514 1468 3562 1567 uidi
3514 1606 3561 1701 iam
3499 1740 3560 1984 iuuenem,
3494 2024 3545 2265 premeret
3508 2302 3537 2413 cum
3504 2454 3552 2601 serior
3491 2636 3540 2781 aetas,

3431 1534 3469 1829 maerentem
3429 1870 3474 2043 stultos
3414 2080 3475 2382 praeteriisse
3425 2420 3473 2536 dies.

3351 1465 3397 1686 crudeles
3350 1723 3398 1853 diui!
3333 1904 3379 2102 serpens
3347 2140 3377 2299 nouus
3345 2337 3393 2467 exuit
3342 2503 3375 2689 annos:

3271 1533 3317 1715 formae
3270 1753 3300 1851 non
3268 1890 3314 2038 ullam
3268 2077 3313 2175 fata
3265 2210 3311 2391 dedere
3263 2429 3294 2629 moram.

3192 1465 3239 1578 solis
3190 1614 3228 1810 aeterna
3189 1846 3227 1917 est
3187 1956 3233 2154 Baccho
3170 2192 3232 2496 Phoeboque
3182 2532 3231 2789 iuuentas:

3112 1531 3141 1644 nam
3109 1683 3155 1825 decet
3107 1862 3156 2086 intonsus
3106 2124 3154 2269 crinis
3090 2306 3143 2567 utrumque
3101 2604 3148 2766 deum.

3020 1464 3069 1528 tu,
3016 1568 3060 1719 puero
3012 1757 3073 2109 quodcumque
3024 2145 3063 2231 tuo
3009 2269 3062 2505 temptare
3010 2543 3070 2727 libebit,

2948 1529 2994 1707 cedas:
2932 1758 2994 1997 obsequio
2931 2035 2992 2243 plurima
2943 2279 2990 2430 uincit
2941 2468 2973 2616 amor.

2870 1463 2900 1557 neu
2868 1595 2899 1760 comes
2866 1798 2915 1866 ire
2851 1899 2897 2061 neges,
2850 2103 2911 2330 quamuis
2862 2366 2910 2445 uia
2847 2483 2907 2627 longa
2846 2653 2896 2846 paretur

2790 1527 2828 1574 et
2788 1613 2836 1761 Canis
2787 1798 2834 1951 arenti
2785 1988 2824 2165 torreat
2783 2202 2814 2317 arua
2771 2354 2830 2445 siti,

2694 1460 2756 1683 quamuis
2692 1721 2744 2006 praetexens
2690 2043 2752 2174 picta
2687 2209 2749 2450 ferrugine
2699 2488 2744 2677 caelum

2626 1526 2671 1812 merituram
2624 1848 2673 2044 amiciat
2621 2080 2671 2297 imbrifer
2620 2332 2651 2471 arcus
2604 2508 2659 2730 aquamr.

2547 1458 2592 1534 uel
2547 1572 2594 1611 si
2544 1648 2590 1892 caeruleas
2528 1929 2591 2082 puppi
2541 2120 2586 2252 uolet
2539 2289 2589 2356 ire
2524 2393 2569 2478 per
2525 2514 2582 2685 undas,

2452 1523 2514 1625 ipse
2464 1662 2510 1821 leuem
2462 1859 2493 1995 remo
2448 2030 2493 2117 per
2460 2152 2506 2273 freta
2444 2309 2504 2435 pelle
2456 2472 2495 2637 ratem.

2386 1457 2416 1546 nec
2385 1584 2423 1630 te
2370 1666 2431 1912 paeniteat
2382 1949 2428 2098 duros
2378 2136 2427 2341 subiisse
2377 2380 2424 2569 labores

2305 1521 2343 1605 aut
2290 1639 2335 1787 opera
2302 1823 2350 2037 insuetas
2299 2073 2347 2327 atteruisse
2284 2365 2328 2569 manus3

2214 1455 2255 1556 nec,
2223 1599 2271 1716 uelit
2222 1750 2271 1938 insidiis
2221 1975 2266 2096 altas
2220 2134 2267 2173 si
2217 2209 2263 2435 claudere
2205 2473 2261 2638 ualles,

2144 1519 2190 1637 dum
2129 1675 2188 1880 placeas,
2141 1921 2188 2076 umeri
2140 2113 2187 2231 retia
2138 2267 2184 2387 ferre
2122 2424 2174 2617 negent.

2064 1452 2111 1488 si
2062 1528 2107 1659 uolet
2050 1696 2092 1841 arma,
2060 1882 2107 1978 leui
2043 2018 2104 2280 temptabis
2054 2318 2101 2486 ludere
2040 2523 2099 2724 dextrag

1967 1518 2012 1662 saepe
1980 1700 2028 1838 dabis
1967 1876 2024 2080 nudum,
1976 2122 2024 2287 uincat
1975 2326 2013 2376 ut
1963 2414 2021 2506 ille,
1972 2547 2018 2684 latus.

1901 1450 1939 1565 tunc
1901 1603 1948 1690 tibi
1900 1728 1947 1856 mitis
1888 1895 1945 1994 erit,
1882 2036 1944 2192 rapias
1896 2230 1933 2332 tum
1894 2372 1924 2479 cara
1892 2517 1940 2681 licebit

1820 1517 1865 1717 oscula:
1804 1766 1865 2015 pugnabit,
1815 2058 1860 2142 sed
1814 2182 1862 2269 tibi
1799 2308 1851 2442 rapta
1811 2479 1859 2630 dabit.

1726 1447 1778 1581 rapta
1739 1617 1786 1753 dabit
1723 1789 1784 1965 primo,
1736 2003 1766 2116 mox
1733 2153 1779 2319 offeret
1718 2357 1780 2460 ipse
1716 2496 1778 2699 roganti,

1644 1514 1697 1623 post
1659 1660 1706 1805 etiam
1655 1844 1701 1972 collo
1655 2010 1685 2061 se
1639 2098 1702 2395 implicuisse
1651 2433 1698 2561 uelit.

1530 1499 1565 1563 29,
1530 1588 1565 1640 30
1540 1670 1576 1818 habent
1536 1836 1575 1937 Par.
1525 2117 1559 2169 29
1524 2201 1571 2391 deperdit
1532 2420 1571 2548 Pan:
1532 2580 1563 2621 te
1520 2645 1567 2781 perdit
1528 2812 1566 2851 A

1486 1444 1525 1535 alba
1474 1566 1519 1594 ψ
1474 1612 1523 1712 sort.
1486 1738 1517 1831 recte
1472 1967 1508 2032 33,
1471 2058 1507 2107 34
1480 2139 1518 2285 habent
1480 2312 1517 2379 Fr.
1467 2521 1503 2572 33
1477 2603 1515 2729 serior
1475 2749 1512 2815 Fr.

1422 1445 1458 1619 serpens
1430 1641 1439 1650 .
1430 1676 1439 1684 .
1431 1713 1439 1720 .
1430 1744 1455 1902 moram
1430 1929 1467 2074 habent
1427 2093 1465 2189 Par.
1416 2303 1461 2356 36
1425 2386 1463 2510 ullam
1411 2535 1447 2589 g:
1423 2625 1460 2734 illam
1424 2757 1459 2796 A
1422 2820 1445 2828 :
1421 2870 1457 2941 sed
1418 2966 1456 3097 forme

1379 1444 1415 1599 nullam
1378 1622 1415 1721 Par.
1367 1945 1399 1997 40
1374 2027 1410 2152 cedas
1361 2184 1406 2237 gb:
1372 2282 1408 2428 credas
1372 2460 1408 2501 A
1369 2628 1405 2757 uincit
1355 2786 1402 2841 ψε
1366 2884 1402 3024 uincet
1366 3052 1401 3094 A

1316 1444 1349 1494 44
1325 1524 1362 1691 amiciat
1325 1722 1361 1762 A
1323 1787 1346 1795 ε
1322 1826 1359 2014 annutiat
1320 2049 1359 2112 V:
1319 2142 1357 2248 cieat
1308 2280 1357 2487 Scalzjger:
1316 2518 1346 2683 moneat
1314 2714 1353 2761 S.
1313 2784 1351 2934 Allen:
1311 2977 1348 3097 mini-

1272 1443 1303 1536 tans
1271 1557 1303 1592 et
1271 1611 1306 1651 in
1260 1674 1294 1723 43
1258 1747 1300 1966 praetexat
1255 1988 1304 2133 Rigler
1264 2269 1302 2461 nimbifer
1251 2482 1296 2511 ψ
1251 2704 1296 2754 48
1258 2784 1295 3032 atterruisse
1258 3054 1294 3094 A

1207 1438 1254 1577 prima
1216 1602 1240 1752 manus
1204 1899 1239 1949 53
1214 1979 1251 2052 tibi
1202 2078 1236 2137 g:
1213 2167 1249 2265 mihi
1212 2297 1248 2337 A
1210 2451 1241 2536 tum
1208 2573 1246 2633 V:
1208 2664 1232 2756 cum
1207 2787 1243 2827 A

1154 1443 1195 1557 rapta
1162 1592 1201 1748 Santetz
1162 1770 1199 1809 in
1148 1833 1197 2023 mmgz‘ne
1159 2041 1197 2097 ed.
1154 2124 1196 2494 Broulelzztsiazme:
1154 2525 1186 2661 tamen
1143 2684 1185 2779 apta
1153 2809 1189 2850 A

1111 1445 1136 1536 mox
1109 1569 1147 1619 V:
1098 1651 1140 1746 post
1108 1766 1145 1806 A
1106 1923 1144 2070 offeret
1091 2100 1138 2155 gb:
1103 2186 1141 2333 afferet
1103 2363 1139 2404 A
1089 2570 1135 2623 56
1098 2653 1135 2764 uolet
1100 2790 1136 2828 V

3732 3080 3770 3130 30

3328 3076 3365 3123 35

2924 3069 2961 3121 40

2520 3062 2558 3112 45

1713 3050 1755 3102 55

1514 3046 1550 3100 30

1462 2957 1499 3022 35,
1461 3048 1505 3099 36

1194 2942 1229 2991 54
1203 3024 1241 3095 tibi

1138 3042 1174 3094 55
