5010 3336
3941 1516 3993 1800 TIBVLLI

3792 1512 3839 1728 namque
3788 1765 3851 1941 opibus
3784 1979 3837 2210 congesta
3795 2246 3844 2340 tuis
3794 2378 3842 2457 hic
3778 2493 3838 2651 glarea
3789 2688 3837 2809 dura

3713 1577 3772 1817 sternitur,
3721 1858 3768 1937 hic
3705 1972 3756 2086 apta
3702 2122 3766 2335 iungitur
3713 2369 3750 2470 arte
3711 2507 3759 2636 silex.
3704 3116 3744 3170 60

3648 1509 3686 1556 tc
3644 1594 3681 1735 canet
3628 1771 3689 1995 agricola,
3638 2035 3669 2063 a
3623 2100 3667 2276 magna
3634 2313 3665 2423 cum
3630 2463 3677 2650 uenerit
3627 2686 3675 2806 urbe

3554 1574 3597 1720 serus,
3560 1762 3610 2055 inoffensum
3540 2094 3602 2427 rettuleritque
3538 2464 3597 2655 pedem.

3487 1505 3525 1553 at
3475 1592 3525 1655 tu,
3481 1698 3529 1886 Natalis
3478 1926 3524 2105 multos
3474 2143 3522 2438 celebrande
3458 2476 3502 2560 per
3457 2594 3500 2765 annOS,

3403 1572 3452 1828 candidior
3385 1864 3432 2057 semper
3379 2094 3444 2448 candidiorque
3391 2485 3438 2612 ueni.

3252 2126 3298 2259 VIII

3166 1499 3212 1622 NON
3149 1660 3194 1751 ego
3161 1788 3209 1931 celari
3145 1969 3191 2183 possum,
3142 2224 3203 2343 quid
3153 2381 3191 2529 nutus
3150 2565 3198 2774 amantis

3070 1565 3131 1749 quidue
3079 1787 3126 1941 ferant
3078 1978 3126 2082 miti
3076 2120 3123 2247 lenia
3073 2284 3120 2433 uerba
3071 2471 3102 2609 sono.

3004 1495 3035 1586 nec
3003 1625 3050 1743 mibi
3000 1781 3037 1894 sunt
2997 1931 3036 2084 sortes
2996 2122 3026 2213 nec
2993 2250 3041 2447 conscia
2991 2486 3038 2605 fibra
2978 2643 3035 2862 deorum,

2909 1560 2969 1795 praecinit
2918 1832 2956 2039 euentus
2916 2076 2947 2167 nec
2915 2205 2962 2323 mihi
2911 2362 2950 2532 cantus
2910 2569 2957 2707 auis:

2828 1494 2890 1595 ipsa
2839 1632 2886 1801 Venus
2823 1840 2884 2030 magico
2820 2066 2883 2320 religatum
2831 2360 2879 2586 bracchia
2828 2623 2874 2758 nodo
2809 3132 2849 3153 5

2747 1558 2807 1814 perdocuit
2757 1852 2804 2015 multis
2756 2052 2786 2153 non
2754 2191 2801 2295 sine
2750 2333 2798 2630 uerberibus.

2680 1489 2729 1658 desine
2676 1696 2726 2030 dissimulare:
2675 2079 2721 2200 deus
2671 2238 2719 2482 crudelius
2659 2520 2717 2627 urit,

2587 1555 2631 1678 quos
2598 1717 2646 1852 uidet
2596 1889 2644 2069 inuitos
2591 2108 2639 2426 succubuisse
2590 2468 2638 2572 sibi.

2507 1486 2567 1605 quid
2519 1643 2566 1730 tibi
2517 1767 2548 1899 nunc
2514 1940 2560 2110 molles
2499 2149 2558 2348 prodest
2508 2386 2557 2595 coluisse
2492 2632 2554 2834 capillos

2423 1550 2471 1796 saepeque
2434 1835 2473 2043 mutatas
2418 2081 2480 2383 disposuisse
2418 2421 2459 2603 comas,
2422 3099 2448 3147 10

2345 1482 2407 1601 quid
2357 1638 2403 1752 fuco
2341 1789 2401 2080 splendente
2337 2116 2382 2267 genas
2338 2306 2380 2493 ornare,
2333 2530 2394 2649 quid
2329 2688 2375 2875 ungues

2276 1547 2325 1743 artificis
2274 1780 2320 1926 docta
2269 1964 2318 2273 subsecuisse
2267 2310 2311 2499 manu?

2196 1480 2244 1651 frustra
2195 1688 2243 1784 iam
2181 1822 2230 1996 uestes,
2190 2036 2236 2209 frustra
2187 2247 2225 2495 mutantur
2184 2530 2232 2738 amictus

2099 1543 2146 1761 ansaque
2096 1799 2143 2106 compressos
2093 2144 2155 2325 colligit
2106 2362 2143 2463 arta
2090 2500 2149 2665 pedes.

2035 1476 2083 1556 illa
2019 1594 2079 1765 placet,
2016 1807 2077 2031 quamuis
2027 2069 2076 2255 inculto
2025 2292 2072 2479 uenerit
2023 2516 2053 2599 ore
2006 3091 2045 3137 15

1954 1542 1985 1633 nec
1951 1670 2000 1880 nitidum
1948 1919 1994 2056 tarda
1932 2091 1993 2353 compserit
1943 2388 1982 2491 arte
1928 2527 1981 2687 caput.

1873 1474 1905 1593 num
1871 1630 1910 1677 te
1855 1714 1917 2027 carminibus,
1866 2064 1896 2182 num
1865 2220 1903 2268 te
1849 2304 1909 2599 pallentibus
1859 2637 1908 2799 herbis

1789 1539 1837 1742 deuouit
1787 1778 1835 1927 tacito
1771 1965 1823 2184 tempore
1782 2221 1829 2378 noctis
1780 2415 1824 2575 anus?

1711 1472 1749 1642 cantus
1708 1680 1757 1853 uicinis
1692 1891 1752 2049 fruges
1702 2087 1750 2296 traducit
1701 2333 1748 2396 ab
1685 2434 1747 2572 agris,

1628 1537 1667 1708 cantus
1626 1746 1665 1793 et
1624 1829 1673 1977 iratae
1621 2014 1669 2201 detinet
1605 2239 1666 2410 anguis
1608 2449 1665 2549 iter,
1614 3082 1641 3131 20

1548 1470 1586 1640 cantus
1547 1678 1585 1725 et
1546 1762 1576 1788 e
1544 1824 1575 1965 curru
1541 2005 1587 2197 Lunam
1538 2237 1584 2483 deducere
1522 2521 1575 2739 temptat,

1467 1535 1506 1581 et
1454 1618 1513 1809 faceret,
1464 1850 1511 1888 si
1462 1926 1493 2026 non
1459 2064 1490 2175 aera
1444 2212 1503 2406 repulsa
1456 2442 1493 2630 sonent.

1354 1519 1390 1568 61
1352 1602 1384 1722 canet
1340 1751 1386 1807 ψτ
1349 1838 1387 1949 canit
1350 1971 1388 2012 A
1349 2126 1372 2148 a
1348 2180 1386 2338 addidit
1346 2355 1384 2589 Baehrens:
1345 2620 1369 2700 om.
1346 2728 1383 2769 A

1300 1520 1337 1621 VIII
1299 1658 1323 1674 1
1297 1709 1334 1832 celari
1283 1863 1330 1918 ip:
1295 1950 1332 2085 celare
1296 2115 1332 2155 A
1294 2320 1317 2344 2
1293 2374 1330 2507 ferant
1292 2542 1330 2601 V:
1291 2632 1328 2737 ferat
1292 2766 1329 2807 A
1288 2923 1328 3030 lenia
1287 3067 1326 3125 V:

1245 1463 1283 1571 leuia
1245 1604 1282 1644 A
1231 1757 1267 1864 9-14
1241 1896 1278 2041 habent
1240 2060 1279 2159 Par.
1229 2287 1264 2312 9
1228 2343 1274 2515 prodest
1237 2537 1275 2683 molles
1236 2713 1275 2811 Par.
1235 2944 1259 2991 10
1223 3020 1259 3122 sepe

1192 1464 1224 1505 et
1189 1538 1229 1636 Par.
1189 1872 1212 1913 11
1187 1951 1224 2062 fucol
1175 2087 1212 2213 succo
1185 2234 1225 2334 Par.
1186 2362 1210 2386 2
1174 2538 1208 2667 genas
1172 2697 1217 2752 ip:
1182 2783 1208 2924 comas
1181 2954 1218 2994 A
1180 3018 1218 3117 Par.

1128 1467 1163 1514 14
1122 1548 1173 1716 colligat
1134 1746 1172 1844 Par.
1134 1869 1158 1877 ε
1122 1907 1170 2080 corrigit
1133 2109 1171 2317 Francken
1120 2501 1155 2546 17
1117 2578 1167 2833 pollentibus
1114 2862 1161 2890 ψ
1125 3066 1159 3121 ‘20

1081 1464 1121 1595 iratae
1080 1618 1088 1625 .
1078 1648 1088 1658 .
1077 1684 1087 1693 .
1079 1718 1117 1796 iter
1079 1815 1118 1961 laudat
1078 1983 1117 2195 Charisius
1066 2208 1110 2251 p.
1066 2276 1102 2344 90,
1066 2375 1102 2421 14
1076 2442 1114 2538 Keil
