5010 3336
4036 1454 4085 1738 TIBVLLI

3888 1452 3933 1595 parce
3884 1632 3929 1801 precor
3894 1838 3934 2038 tenero:
3893 2087 3924 2187 non
3892 2225 3940 2290 illi
3889 2329 3938 2516 sontica
3886 2554 3919 2699 causa
3875 2735 3924 2821 est,

3820 1520 3865 1605 sed
3817 1642 3865 1821 nimius
3815 1859 3860 1961 luto
3799 1998 3844 2201 corpora
3796 2239 3858 2378 tingit
3808 2413 3839 2563 amor.

3741 1452 3785 1528 uel
3738 1566 3786 1710 miser
3736 1745 3783 1935 absenti
3733 1974 3769 2181 maestas
3717 2219 3761 2365 quam
3714 2404 3759 2548 saepe
3712 2586 3770 2823 querellas

3660 1518 3707 1697 conicit
3658 1734 3694 1780 et
3655 1818 3703 2024 lacrimis
3654 2062 3700 2227 omnia
3638 2264 3696 2408 plena
3646 2444 3693 2673 madent!

3567 1456 3627 1599 ‘quid
3580 1638 3609 1716 me
3564 1752 3623 2001 spernis?⁷
3574 2061 3621 2139 ait.
3558 2218 3615 2432 ‘poterat
3567 2470 3614 2693 custodia
3564 2730 3613 2889 uinci:

3487 1517 3549 1620 ipse
3499 1656 3545 1791 dedit
3483 1831 3543 2020 cupidis
3493 2059 3539 2221 fallere
3479 2258 3522 2402 posse
3488 2439 3535 2573 deus.

3422 1449 3459 1564 nota
3419 1602 3450 1756 uenus
3417 1794 3464 1972 furtiua
3415 2008 3461 2126 mihi
3401 2164 3451 2254 est,
3412 2290 3449 2341 ut
3410 2380 3457 2500 lenis
3394 2538 3445 2706 agatur

3328 1516 3388 1722 spiritus,
3339 1764 3375 1815 ut
3337 1852 3367 1943 nee
3335 1980 3380 2098 dent
3333 2136 3378 2303 oscula
3317 2339 3368 2474 rapta
3315 2512 3359 2719 sonum3

3261 1448 3299 1494 et
3246 1531 3291 1731 possum
3257 1771 3303 1934 media
3241 1970 3300 2195 quamuis
3237 2234 3298 2468 obrepere
3247 2506 3285 2650 nocte

3180 1514 3217 1560 et
3164 1598 3225 1799 strepitu
3176 1837 3221 1972 nullo
3174 2010 3219 2134 clam
3170 2173 3202 2382 reserare
3168 2420 3214 2557 fores.

3087 1447 3148 1565 quid
3086 1603 3134 1807 prosunt
3084 1843 3133 1981 artes,
3093 2024 3141 2253 miserum
3091 2292 3138 2329 si
3076 2368 3135 2550 spernit
3084 2586 3124 2834 amantem

3021 1513 3058 1559 et
3006 1596 3067 1717 fugit
3018 1753 3048 1810 ex
3002 1847 3065 1953 ipso
3014 1991 3045 2137 saeua
2998 2173 3056 2334 puella
3008 2370 3053 2516 toro?

2940 1444 2985 1522 uel
2940 1561 2970 1672 cum
2924 1710 2983 1959 promittit,
2933 2003 2980 2165 subito
2931 2202 2976 2288 sed
2916 2326 2974 2511 perfida
2915 2546 2973 2678 fallit,

2860 1511 2898 1582 est
2858 1620 2905 1738 mihi
2856 1776 2886 1873 nox
2853 1910 2901 2073 multis
2837 2112 2899 2389 euigilanda
2846 2425 2895 2575 malis.

2779 1443 2825 1560 dum
2778 1600 2825 1717 mihi
2774 1755 2812 2011 uenturam
2758 2049 2818 2193 fingo,
2752 2234 2814 2584 quodcumque
2751 2621 2802 2859 mouetur,

2697 1509 2745 1634 illius
2695 1673 2740 1820 credo
2693 1858 2731 1974 tune
2690 2011 2738 2233 sonuisse
2675 2268 2733 2451 pedes.'

2615 1442 2663 1646 desistas
2600 1683 2661 1946 lacrimare,
2596 1987 2641 2137 puer:
2608 2189 2638 2287 non
2591 2325 2653 2556 frangitur
2591 2592 2651 2686 illa,

2535 1508 2573 1554 et
2533 1592 2572 1674 tua
2533 1710 2580 1806 iam
2531 1845 2577 1960 fietu
2528 1998 2576 2184 lumina
2526 2221 2572 2345 sessa
2522 2382 2563 2585 tument.

2442 1441 2501 1667 oderunt,
2439 1705 2497 1905 Pholoe,
2437 1948 2480 2141 moneo,
2444 2182 2493 2372 fastidia
2431 2412 2491 2529 diui,

2375 1506 2405 1597 nee
2359 1634 2417 1834 prodest
2370 1871 2417 2048 sanetis
2369 2087 2406 2192 tura
2364 2229 2412 2423 dedisse
2362 2460 2409 2593 focis.

2295 1439 2343 1517 hic
2292 1557 2339 1811 Marathus
2276 1849 2334 2101 quondam
2285 2140 2334 2341 miseros
2282 2379 2329 2579 ludebat
2267 2616 2318 2852 amantes,

2212 1506 2260 1698 nescius
2209 1736 2255 1943 ultorem
2195 1982 2245 2091 post
2191 2129 2243 2275 eaput
2203 2312 2234 2418 esse
2189 2455 2248 2635 deum3

2119 1438 2165 1583 saepe
2131 1620 2179 1765 etiam
2128 1804 2176 2025 lacrimas
2126 2062 2172 2209 fertur
2123 2245 2172 2404 risisse
2120 2440 2168 2651 dolentis

2052 1504 2090 1551 et
2037 1587 2097 1822 cupidum
2048 1862 2093 1974 fieta
2044 2010 2093 2278 detinuisse
2041 2315 2073 2483 mora:

1972 1436 2003 1567 nunc
1970 1604 2002 1775 omnes
1968 1814 2016 1918 odit
1955 1954 2013 2117 fastus,
1963 2160 1994 2291 nune
1947 2327 2010 2552 displicet
1960 2589 2007 2655 illi

1874 1502 1922 1842 quaecumque
1873 1879 1933 2105 opposita
1885 2140 1922 2213 est
1882 2248 1931 2393 ianua
1880 2430 1927 2549 dura
1877 2586 1910 2702 Sera.

1812 1433 1849 1481 at
1811 1518 1848 1565 te
1796 1602 1841 1761 poena
1796 1800 1844 1976 manet,
1806 2019 1853 2067 ni
1802 2106 1852 2287 desinis
1801 2326 1831 2430 esse
1786 2469 1845 2689 superba.

1716 1501 1761 1647 quarn
1713 1686 1775 1852 cupies
1726 1890 1773 2017 uotis
1723 2055 1770 2187 hune
1719 2224 1752 2453 reuocare
1718 2490 1766 2651 diem!

3550 3058 3589 3105 55

3161 3053 3200 3105 60

1600 1485 1635 1529 51
1608 1563 1647 1723 sontica
1607 1750 1646 1898 habent
1605 1915 1644 2013 Fu:
1604 2044 1641 2197 sentita
1593 2232 1641 2403 AV(1·12
1601 2436 1638 2561 huius
1585 2598 1634 2784 margine
1594 2819 1619 2975 mames
1590 3004 1629 3086 alia

1556 1431 1592 1610 sentita:
1555 1655 1592 1695 in
1542 1732 1590 1960 exemplari
1552 1999 1575 2082 uno
1536 2115 1586 2325 senticaji:
1547 2367 1583 2523 sentica
1534 2556 1579 2595 ψ,
1544 2650 1581 2691 in
1540 2716 1581 2933 Cm'act'ano
1538 2954 1563 2975 e
1538 2997 1575 3038 in
1537 3061 1561 3085 o

1503 1431 1535 1593 mutata
1490 1760 1525 1810 52
1499 1842 1536 1927 luto
1488 1959 1532 2013 ψε
1496 2043 1533 2155 luteo
1497 2185 1533 2226 A
1483 2394 1518 2444 57
1491 2476 1529 2579 lenis
1479 2602 1515 2662 g:
1487 2692 1527 2798 leuis
1487 2827 1525 2868 A

1435 1430 1486 1526 nec]
1448 1550 1472 1602 ne
1435 1622 1482 1651 ψ
1446 1817 1481 1863 61
1434 1898 1475 2072 prosunt
1429 2105 1476 2133 ψ
1442 2156 1466 2163 :
1430 2195 1473 2371 possunt
1440 2391 1476 2433 A

1474 3033 1519 3085 58
