5010 3336
3972 1978 4015 2015 Γ
3970 2022 4015 2113 RA
3969 2122 4014 2162 E
3968 2171 4012 2327 FATI
3966 2336 4013 2379 O

3827 1350 3887 1631 putauimus
3837 1671 3873 1773 tum
3834 1809 3864 1865 ex
3818 1903 3881 2018 ipsis
3830 2050 3877 2344 lectionibus
3814 2381 3874 2649 apparebit.
3826 2724 3872 2797 usi
3824 2834 3854 3002 sumus

3759 1352 3805 1558 Gustaui
3742 1586 3801 1832 Meyncke
3738 1866 3799 2019 copiis
3737 2056 3797 2138 qui
3750 2168 3778 2225 ex
3748 2261 3795 2489 l'arisinis
3745 2520 3792 2774 codicibus
3742 2806 3789 3001 duobus

3675 1346 3723 1709 accuratissime
3674 1752 3703 1808 ea
3672 1847 3719 2001 edidit
3655 2039 3717 2232 (li'lzez‘n.
3668 2260 3713 2394 Mus.
3668 2428 3703 2457 t.
3656 2498 3695 2599 xxv,
3651 2641 3694 2717 pp.
3647 2750 3709 3001 369—392)

3598 1347 3645 1413 ita
3596 1438 3634 1601 tamen
3595 1636 3631 1689 ut
3580 1718 3623 1844 quae
3592 1878 3638 1926 in
3589 1960 3634 2190 alterutro
3587 2228 3632 2306 uel
3588 2339 3634 2387 in
3571 2419 3623 2626 utroque
3582 2663 3613 2820 errore
3581 2852 3627 3002 mani-

3516 1344 3562 1469 festo
3501 1504 3562 1681 scripta
3513 1718 3557 1781 ad
3510 1818 3557 2088 carminum
3506 2129 3555 2519 'l‘ibullianorum
3502 2556 3549 2842 memoriam
3500 2880 3547 3001 nihil

3422 1343 3483 1640 pertinerent
3432 1667 3480 1860 silentio
3416 1886 3475 2270 praeteriremus.

3356 1412 3400 1489 De
3352 1526 3400 1726 nomine
3338 1763 3387 1939 poetae
3334 1976 3378 2122 quem
3347 2166 3393 2368 Albium
3344 2412 3391 2665 Tibullum
3327 2707 3385 2853 uolgo
3338 2892 3369 2998 esse

3264 1342 3320 1529 uolunt,
3274 1550 3318 1611 de
3272 1628 3319 1751 libro
3269 1768 3316 1908 tertio
3254 1927 3298 2074 quem
3267 2092 3297 2149 ex
3266 2169 3295 2268 uno
3265 2286 3310 2409 duos
3249 2427 3293 2678 perperam
3249 2700 3307 2823 Itali,
3259 2843 3289 2995 unum

3195 1342 3225 1502 rursus
3194 1534 3223 1591 ex
3190 1621 3237 1817 duobus
3188 1855 3218 1944 nos
3187 1978 3234 2223 Hillerum
3184 2258 3230 2409 secuti
3170 2438 3229 2655 fecimus,
3181 2686 3226 2747 de
3178 2774 3227 2994 eiusdem

3099 1340 3159 1700 compositione
3094 1733 3147 1881 atque
3094 1910 3153 2206 auctoribus,
3104 2244 3149 2305 de
3088 2341 3148 2579 Lygdami
3097 2611 3148 2911 inconcinno
3097 2948 3134 2995 et

3018 1339 3075 1641 corruptelae
3014 1662 3059 1861 quoque
3026 1887 3075 2133 interdum
3010 2155 3070 2486 suspicionem
3019 2509 3066 2729 mouenti
3006 2752 3049 2991 sermone,

2952 1337 2999 1399 de
2936 1437 2987 1774 excerptorum
2930 1811 2993 2140 codicumque
2929 2176 2989 2357 pretiisj
2940 2384 2988 2486 siue
2938 2516 2986 2855 uniuersorum
2936 2890 2983 2993 siue

2858 1335 2919 1651 singulorum,
2868 1684 2913 1747 de
2866 1784 2913 1903 locis
2849 1947 2911 2161 denique
2848 2203 2907 2480 deprauatis
2843 2523 2889 2792 eorumque
2856 2831 2886 2993 emen-

2790 1335 2837 1485 dandi
2786 1520 2835 1789 rationibus
2785 1825 2831 1940 alibi
2782 1967 2829 2079 satis
2780 2106 2828 2422 disseruimus
2799 2442 2827 2459 1
2779 2487 2815 2537 ut
2778 2558 2825 2677 nihil
2776 2714 2823 2808 iam
2774 2846 2812 2991 restet

2708 1334 2757 1614 faciendum
2706 1654 2753 1745 nisi
2705 1783 2741 1835 ut
2689 1872 2750 1991 quid
2702 2029 2749 2077 in
2700 2116 2745 2206 hac
2698 2244 2746 2461 editione
2696 2499 2743 2641 nobis
2680 2683 2742 2986 propositum

2630 1334 2677 1393 sit
2614 1419 2658 1566 quam
2624 1595 2673 1881 breuissime
2621 1906 2669 2107 dicatur.

2547 1402 2593 1478 De
2545 1516 2590 1652 caelo
2540 1689 2589 2005 descendisse
2541 2042 2588 2136 iam
2538 2169 2587 2289 illud
2522 2323 2582 2469 uolgo
2535 2506 2583 2727 uidetur:
2533 2763 2577 2988 standum

2465 1330 2513 1567 codicibus.
2462 1628 2510 1849 adiciunt
2446 1874 2505 2213 prudentiores
2457 2239 2501 2372 modo
2455 2386 2501 2577 sibonis
2454 2602 2491 2648 et
2453 2664 2498 2714 in
2454 2732 2482 2780 re
2451 2796 2497 2985 incerta.

2373 1331 2417 1421 ego
2373 1470 2415 1600 uero,
2369 1644 2430 1726 qui
2380 1776 2426 1907 haud
2365 1956 2422 2122 paullo
2375 2160 2422 2392 audacior
2362 2434 2403 2555 sum,
2373 2598 2418 2739 etiam
2358 2769 2416 2989 pessimis

2292 1330 2353 1531 inquam
2303 1572 2340 1619 et
2303 1662 2346 1742 nel
2302 1770 2346 1821 in
2300 1857 2329 1908 re
2284 1944 2344 2209 mauffesfcz.
2280 2298 2342 2463 itaque
2292 2506 2322 2566 ne
2277 2610 2338 2985 corruptissimis

2211 1329 2271 1530 quidem
2208 1549 2268 1949 uersibusjmodo
2216 1968 2264 2141 Latine
2201 2158 2263 2321 scripti
2200 2340 2260 2633 uiderentur,
2210 2654 2241 2820 cruces
2210 2836 2256 2982 adfixi

2144 1328 2174 1419 nec
2142 1438 2172 1602 ueram
2140 1629 2187 1733 illas
2124 1760 2169 1904 saepe
2136 1930 2184 2158 uitiorum
2133 2187 2179 2352 sedem
2118 2372 2178 2645 prodituras
2130 2667 2160 2757 nec
2128 2779 2159 2983 numero

2063 1329 2110 1443 rnali
2046 1496 2108 1885 magnitudinem
2041 1946 2092 2247 aequaturas.
2038 2346 2099 2465 quid
2050 2525 2098 2656 enim
2035 2716 2095 2981 legentium

1981 1327 2029 1566 attinebat
1980 1597 2009 1694 una
1963 1719 2008 1865 opera
1975 1892 2020 2061 oculos
1962 2088 2019 2293 laedere,
1958 2323 2019 2626 intellectum
1969 2654 1999 2753 non
1967 2779 2016 2982 iuuare?

1901 1326 1947 1389 ad
1901 1428 1948 1508 illa
1899 1536 1945 1737 demum
1883 1765 1927 1890 quae
1895 1916 1943 2038 infra
1893 2063 1931 2344 contextum
1889 2372 1935 2607 adnotata
1888 2640 1925 2751 sunt
1888 2782 1918 2866 eos
1872 2897 1933 2979 qui

1820 1325 1865 1388 de
1819 1431 1866 1607 talibus
1818 1645 1863 1763 locis
1814 1800 1863 2014 iudicare
1812 2056 1857 2224 uolent
1810 2261 1858 2480 animum
1808 2519 1856 2666 iubeo
1806 2713 1852 2977 attendere.

1738 1326 1787 1450 inter
1739 1485 1786 1578 alia
1722 1609 1779 1911 corruptelae
1720 1942 1763 2119 genera
1731 2150 1761 2317 uersus
1714 2349 1759 2547 quoque
1727 2580 1757 2668 suo
1726 2695 1771 2804 loco
1725 2831 1771 2978 fuisse

1658 1326 1695 1485 motos
1656 1512 1702 1645 haud
1654 1672 1703 1829 inanis
1653 1856 1690 1927 est
1637 1952 1698 2180 suspicio.
1649 2251 1696 2363 huic
1646 2391 1694 2600 maxime
1645 2626 1692 2839 obnoxia
1645 2865 1681 2977 sunt

1577 1324 1625 1540 carmina
1574 1587 1623 1695 libri
1560 1743 1621 1885 primi
1572 1932 1619 1945 i
1570 1995 1608 2042 et
1570 2090 1617 2136 iv
1569 2183 1599 2295 cum
1567 2335 1615 2539 aliorum
1551 2580 1595 2778 quoque
1550 2818 1601 2977 partes

1483 1325 1545 1572 (exemplo
1494 1610 1542 1704 sint
1494 1744 1538 1765 I
1482 1804 1540 1849 ii,
1491 1880 1537 1933 II
1491 1971 1539 2019 iii
1489 2057 1527 2103 et
1473 2134 1536 2183 v>
1488 2216 1535 2295 uix
1486 2328 1534 2441 satis
1484 2472 1533 2595 inter
1484 2632 1515 2682 se
1483 2716 1529 2975 cohaerere

1401 1379 1421 1391 1
1382 1423 1421 1636 Selcctz'ons
1370 1657 1419 1777 from
1380 1825 1417 2005 Tibullus
1366 2036 1415 2194 (1903),
1366 2235 1401 2305 pp.
1365 2345 1401 2419 179
1364 2446 1400 2565 sqq.;
1374 2610 1411 2658 il).
1373 2691 1409 2821 xxxiv
1361 2851 1397 2974 sqq.;

1309 1328 1345 1398 191
1308 1443 1343 1560 sqq.;
1317 1606 1342 1684 200
1305 1733 1341 1823 sqq.
1308 1894 1352 2080 Journal
1302 2117 1350 2167 of
1299 2194 1350 2420 le'lology,
1310 2470 1341 2497 t.
1299 2542 1334 2611 xx,
1298 2658 1333 2727 pp.
1298 2765 1332 2842 312
1296 2881 1332 2973 56.;

1255 1323 1279 1408 xxv
1244 1429 1279 1481 50
1242 1501 1278 1617 sqq.;
1253 1648 1289 1746 xxvi
1253 1774 1288 1847 182
1240 1869 1275 1958 sqq.
1241 1981 1275 1989 ;
1250 2020 1286 2150 xxviii
1238 2178 1273 2251 152
1236 2273 1272 2363 sqq.
1245 2430 1283 2623 Classical
1232 2640 1281 2809 Review,
1242 2833 1274 2860 t.
1233 2885 1279 2971 xiii,

1178 1322 1213 1362 p.
1178 1386 1225 1492 3615
1188 1524 1226 1592 xiv
1177 1613 1213 1690 295
1176 1713 1212 1803 sq.;
1186 1836 1224 1919 xvii
1186 1947 1210 2021 112
1174 2042 1209 2102 sq.
1175 2126 1210 2137 3
1185 2167 1220 2240 xix
1171 2262 1207 2340 213
1171 2355 1207 2413 sq.

1100 2104 1148 2184 viii
