5010 3336
4015 1478 4062 1802 LYGDAMI
4015 1844 4062 2150 ELEGIAE

3880 1476 3927 1637 Naida
3880 1675 3926 1900 Bacchus
3880 1939 3919 2099 amat:
3870 2149 3912 2321 cessas,
3881 2362 3913 2391 o
3881 2428 3927 2558 lente
3881 2602 3930 2858 minister?

3785 1541 3838 1777 temperet
3800 1815 3830 2057 annosum
3801 2100 3847 2286 Marcia
3786 2322 3846 2521 lympha
3801 2558 3831 2758 merum.

3719 1475 3750 1573 non
3706 1611 3750 1713 ego,
3721 1756 3767 1794 si
3706 1832 3767 1950 fugit
3720 1992 3758 2185 nostrae
3720 2225 3768 2454 conuiuia
3721 2492 3751 2690 mensae

3627 1540 3687 1761 ignotum
3626 1799 3687 2001 cupiens
3641 2040 3671 2167 uana
3626 2202 3686 2364 puella
3631 2400 3679 2575 torum,
3644 3076 3684 3127 60

3560 1473 3608 1706 sollicitus
3547 1745 3599 1961 repetam
3561 1998 3599 2101 tota
3547 2136 3609 2340 suspiria
3562 2376 3599 2534 noete.

3469 1540 3518 1610 tu,
3466 1646 3511 1779 puer,
3470 1820 3529 1846 i,
3468 1889 3529 2131 liquidum
3482 2170 3530 2339 fortius
3483 2376 3528 2504 adde
3483 2542 3514 2743 merum.

3400 1474 3446 1570 iam
3400 1608 3446 1798 dudum
3387 1837 3449 1974 Syrio
3402 2013 3448 2315 madefactus
3388 2352 3441 2573 tempora
3402 2608 3449 2763 nardo

3320 1540 3368 1807 debueram
3320 1845 3369 1981 sertis
3306 2019 3370 2316 implicuisse
3322 2352 3353 2532 comas,

2928 1691 2977 2184 PANEGYRICVS
2930 2225 2979 2632 MEssALLAE

2785 1628 2849 1897 (TERTII
2802 1937 2847 2133 LIBRI
2790 2172 2850 2636 V11=QVART1
2790 2676 2853 2723 1)

2658 1471 2714 1561 TE,
2659 1604 2716 1852 Messalla,
2661 1890 2703 2078 canam,
2658 2119 2704 2419 quamquam
2674 2457 2712 2540 tua
2660 2576 2723 2772 cognita
2676 2808 2725 2960 uirtus

2588 1471 2627 1647 terret:
2589 1696 2627 1749 ut
2590 1786 2637 2007 infirmae
2578 2044 2630 2292 nequeant
2593 2329 2641 2592 subsistere
2585 2628 2643 2769 uires,

2494 1470 2556 1702 incipiam
2499 1740 2547 1921 tamen,
2511 1960 2541 2017 ao
2511 2055 2559 2248 meritas
2512 2288 2560 2326 si
2513 2363 2560 2579 carmina
2514 2614 2561 2785 laudes

2417 1470 2475 1715 deficiant,
2430 1757 2477 1953 humilis
2431 1992 2478 2137 tantis
2432 2176 2479 2267 sim
2432 2305 2480 2532 conditor
2434 2567 2482 2702 actis.

2346 1469 2377 1560 nee
2347 1597 2386 1681 tua
2334 1716 2387 1905 praeter
2350 1941 2389 1988 te
2351 2025 2399 2202 chartis
2353 2239 2399 2452 intexere
2340 2489 2401 2749 quisquam
2345 3104 2385 3125 5

2266 1468 2312 1596 faeta
2253 1632 2307 1792 queat,
2269 1837 2317 1979 dietis
2270 2016 2308 2069 ut
2270 2106 2302 2206 non
2273 2244 2320 2427 maiora
2259 2463 2322 2719 supersint.

2184 1469 2223 1541 est
2185 1578 2234 1721 nobis
2187 1760 2235 1973 uoluisse
2178 2012 2237 2159 satis;
2191 2207 2221 2298 nee
2193 2337 2224 2538 munera
2179 2573 2225 2724 parua

2090 1468 2153 1719 respueris.
2106 1796 2154 1943 etiam
2108 1982 2156 2187 Phoebo
2095 2223 2159 2494 gratissima
2112 2530 2158 2663 do'na

2022 1470 2069 1589 Cres
2015 1627 2073 1748 tulit,
2026 1790 2064 1837 et
2026 1875 2075 2063 eunetis
2029 2102 2075 2300 Baccho
2031 2337 2080 2597 iucundior
2018 2633 2079 2813 hospes

1935 1471 1989 1650 IcaruS,
1946 1692 1984 1746 ut
1932 1783 1977 1905 puro
1947 1944 1987 2182 testantur
1950 2218 1997 2377 sidera
1951 2413 1997 2549 caelo
1955 3078 1982 3126 10

1848 1470 1911 1782 Erigoneque
1853 1821 1914 2083 Canisque,
1854 2124 1906 2268 neget
1869 2306 1899 2367 ne
1856 2403 1918 2591 longior
1871 2627 1911 2773 aetas.

1767 1470 1829 1589 quin
1783 1626 1831 1773 etiam
1775 1811 1833 2024 Alcides,
1786 2064 1833 2186 deus
1788 2222 1821 2511 ascensurus
1776 2550 1837 2834 Olympum,

1653 1524 1689 1576 59
1653 1607 1701 1737 fugiet
1666 1773 1703 1813 V
1667 1970 1702 2022 62
1668 2054 1704 2064 i
1668 2098 1705 2161 F:
1669 2193 1701 2234 et
1670 2263 1707 2303 A
1660 2452 1706 2504 63
1661 2536 1709 2661 Syrio
1662 2689 1706 2747 φτ
1662 2778 1711 2887 tyrio
1674 2918 1711 2957 A
1671 2987 1711 3121 plant.

1608 1473 1647 1722 Cm'acianns
1599 1743 1644 1839 post
1602 1867 1647 1918 64
1613 1950 1649 1990 in
1615 2022 1651 2062 A
1603 2095 1651 2279 sequitur
1615 2307 1641 2356 111
1616 2388 1653 2488 xviii
1618 2518 1654 2603 sine
1618 2625 1655 2706 ullo
1619 2728 1657 2943 interuallo

1546 1527 1594 1813 Panegyricus
1558 1847 1596 2028 Messale
1560 2061 1596 2100 F
1561 2155 1597 2320 Laudes
1562 2354 1600 2531 messale
1564 2565 1600 2642 Rea
1565 2671 1602 2725 A.
1554 2791 1602 2917 uulgo
1566 2946 1603 3008 hic
1566 3034 1603 3130 liber

1490 1469 1534 1643 quartus
1490 1674 1541 1809 incipit
1504 1840 1528 1932 cum
1505 1969 1542 2198 indiuisum
1507 2233 1540 2350 antea
1509 2381 1542 2422 in
1508 2455 1547 2650 codicibus
1511 2680 1548 2833 librum
1511 2867 1549 3127 distin-verint

1447 1468 1484 1568 Itali

1394 1530 1419 1547 1
1394 1580 1426 1650 tua
1382 1673 1419 1732 g:
1396 1763 1421 1855 mea
1398 1886 1436 1926 A
1398 1952 1435 2091 Plant.
1400 2116 1423 2123 :
1400 2154 1424 2220 me
1400 2254 1438 2499 Cm'arz'anus
1405 2769 1429 2792 2
1394 2822 1437 3032 nequeant
1405 3062 1443 3124 F:

1339 1472 1376 1637 ualeant
1342 1670 1378 1709 A
1331 1741 1380 1852 qued
1332 1872 1380 1944 qui
1333 1962 1381 2099 legunt
1346 2119 1377 2249 terret
1347 2272 1378 2316 ut
1336 2337 1383 2592 coniungunt
1340 2773 1375 2797 3
1351 2827 1374 2873 ac
1350 2904 1387 2968 F:
1350 2998 1383 3040 at
1339 3062 1375 3124 g:

1286 1472 1309 1496 a
1287 1526 1323 1565 A
1287 1601 1324 1845 Cux'acsamts
1290 1958 1328 2126 meritas
1279 2152 1317 2185 g
1292 2213 1329 2350 Plant.
1293 2375 1317 2383 :
1294 2415 1332 2575 meritis
1296 2604 1333 2644 A
1296 2680 1334 2923 Cuiacicmus
1297 3075 1322 3124 10

1220 1472 1256 1574 puro
1219 1605 1266 1633 ψ
1231 1663 1271 1801 Plant.
1234 1826 1258 1834 :
1223 1866 1260 1968 pura
1236 1996 1274 2037 A
1239 2212 1264 2254 11
1238 2287 1263 2340 ne
1239 2364 1277 2615 Cuz‘acz'cmus
1230 2635 1280 2791 Flam„
1242 2816 1267 2896 om.
1243 2923 1281 2963 A
