5010 3336
900 1314 945 1443 LIB.

1042 3082 1086 3084 l
1047 2687 1092 2813 lianc
1060 2529 1106 2648 pura
1059 2378 1090 2491 cum
1050 2203 1090 2340 ueste
1057 1990 1103 2165 sequar
1048 1694 1102 1951 myrtoque
1038 1445 1085 1655 canistra

1125 2584 1173 2749 uincta
1140 2367 1186 2547 geram,
1132 2168 1185 2325 myrto
1122 1935 1169 2130 uinctus
1132 1850 1168 1895 et
1122 1707 1183 1810 ipse
1130 1507 1181 1668 caput.

1206 2748 1253 2816 sic
1207 2491 1267 2710 placeam
1203 2279 1251 2451 uobis:
1203 2108 1250 2230 alius
1202 2010 1249 2069 sit
1202 1836 1249 1969 fortis
1202 1749 1247 1797 in
1200 1549 1258 1710 armis,

1295 2569 1333 2750 sternat
1295 2484 1332 2531 et
1286 2211 1332 2447 aduersos
1286 2011 1331 2171 Marte
1285 1775 1330 1971 fauente
1284 1570 1339 1736 duces,
1298 1142 1336 1191 30

1377 2766 1414 2817 ut
1366 2608 1413 2729 mihi
1365 2380 1428 2570 potanti
1364 2189 1427 2342 possit
1382 2064 1411 2150 sua
1365 1863 1412 2026 dicere
1366 1698 1410 1824 sacta

1448 2613 1495 2751 miles
1457 2528 1494 2575 et
1447 2440 1493 2488 in
1464 2230 1494 2401 mensa
1446 1993 1508 2193 pingere
1456 1798 1493 1954 castra
1461 1611 1491 1760 niero.

1528 2710 1591 2819 quis
1530 2542 1576 2673 furor
1538 2434 1575 2505 est
1538 2242 1574 2396 atram
1527 2064 1574 2202 bellis
1543 1778 1573 2026 accersere
1526 1483 1571 1737 Mortem?

1610 2528 1657 2751 imminet
1619 2444 1657 2490 et
1608 2256 1655 2405 tacito
1610 2092 1655 2219 clam
1607 1919 1654 2054 uenit
1607 1802 1653 1881 illa
1607 1624 1667 1764 pede.

1708 2719 1739 2818 non
1707 2544 1752 2681 seges
1700 2434 1737 2505 est
1690 2261 1746 2395 infra,
1706 2117 1736 2217 non
1688 1934 1735 2078 uinea
1690 1752 1745 1895 culta,
1688 1623 1733 1709 sed
1686 1422 1733 1583 audax
1702 1151 1741 1197 35

1772 2509 1821 2751 Cerberus
1781 2424 1818 2470 et
1770 2190 1832 2384 Stygiae
1769 1984 1816 2151 nauita
1768 1796 1830 1947 turpis
1784 1569 1829 1757 aquae:

1854 2725 1900 2819 illic
1851 2345 1914 2686 percussisque
1850 2168 1913 2306 genis
1860 1919 1911 2130 ustoque
1849 1703 1911 1881 capillo

1943 2630 1981 2754 errat
1935 2531 1980 2594 ad
1933 2255 1979 2493 obscuros
1931 2034 1994 2216 pallida
1931 1856 1977 1997 turba
1932 1670 1977 1819 lacus.

2015 2704 2077 2821 quin
2014 2502 2077 2665 potius
2014 2186 2061 2463 laudandus
2012 2067 2059 2146 hic
2022 1957 2059 2028 est
2029 1771 2073 1919 quem
2012 1595 2072 1731 prole
2017 1390 2072 1557 parata

2105 2545 2158 2755 occupat
2095 2457 2142 2507 in
2112 2268 2157 2419 parua
2094 2096 2157 2231 pigra
2103 1862 2141 2059 senecta
2096 1679 2139 1823 casa!
2110 1150 2147 1201 40

2178 2720 2239 2820 ipse
2194 2571 2224 2681 suas
2185 2319 2224 2531 sectatur
2192 2148 2233 2281 oueS,
2184 2060 2221 2109 at
2174 1895 2221 2021 filius
2190 1691 2235 1858 agnos,

2268 2708 2306 2755 ct
2258 2460 2306 2671 calidam
2259 2292 2304 2421 fesso
2264 2002 2318 2254 comparat
2272 1846 2302 1965 uxor
2271 1615 2316 1810 aquam.

2339 2755 2386 2821 sic
2356 2626 2401 2716 ego
2339 2483 2396 2587 sim,
2338 2198 2399 2441 liceatque
2347 2012 2399 2159 caput
2337 1679 2383 1974 candescere
2332 1506 2381 1640 canis

2420 2522 2481 2754 temporis
2428 2438 2467 2484 et
2418 2256 2481 2400 prisci
2420 2092 2465 2218 facta
2420 1882 2465 2055 referre
2434 1662 2464 1843 senem.

2502 2640 2548 2821 interea
2518 2510 2563 2603 pax
2517 2358 2547 2474 arua
2501 2180 2546 2321 colat,
2516 2013 2560 2104 pax
2498 1764 2545 1975 candida
2496 1513 2558 1726 primum
2516 1152 2555 1203 45

2582 2621 2630 2756 duxit
2590 2366 2629 2584 araturos
2581 2235 2627 2327 sub
2580 2086 2641 2197 iuga
2596 1899 2627 2049 curua
2580 1677 2626 1863 boues:

2681 2732 2726 2822 pax
2664 2577 2711 2695 aluit
2663 2415 2710 2539 uites
2672 2328 2709 2375 et
2678 2144 2708 2288 sucos
2661 1882 2708 2105 condidit
2677 1704 2717 1844 uuae,

2747 2532 2793 2757 funderet
2754 2442 2791 2494 ut
2752 2286 2790 2403 nato
2752 2122 2790 2245 testa
2752 1884 2804 2086 paterna
2759 1623 2789 1846 merum:

2842 2705 2887 2822 pace
2826 2492 2874 2667 bidens
2840 2182 2885 2453 uomerque
2823 1974 2880 2145 nitent,
2832 1886 2869 1933 at
2822 1698 2869 1848 tristia
2821 1552 2869 1660 duri

2906 2593 2954 2756 militis
2906 2506 2953 2555 in
2905 2254 2953 2467 tenebris
2913 2004 2965 2214 occupat
2920 1834 2950 1967 arma
2903 1592 2949 1796 situs.——
2923 1152 2962 1201 50

2988 2619 3036 2823 rusticus
3005 2555 3035 2580 e
2990 2306 3049 2518 lucoque
2985 2114 3043 2263 uehit,
2986 1946 3031 2072 male
2984 1719 3031 1908 sobrius
2984 1563 3046 1681 ipse,

3086 2558 3116 2757 uxorem
3070 2304 3130 2519 plaustro
3066 1878 3129 2264 progeniemque
3067 1550 3112 1841 domuin-—

3152 2740 3199 2824 sed
3150 2511 3197 2701 ueneris
3159 2356 3196 2473 tunc
3149 2190 3195 2317 bella
3150 1976 3205 2151 calent,
3147 1658 3208 1935 scissosque
3146 1418 3209 1621 capillos

3232 2565 3290 2759 femina,
3233 2264 3293 2525 perfractas
3230 1812 3292 2226 conqueriturque
3230 1616 3287 1774 fores3

3375 2720 3410 2772 30
3362 2488 3398 2691 aduersos
3364 2403 3405 2456 ψι
3361 2193 3397 2371 aduerso
3360 2121 3397 2161 A
3372 1869 3407 2003 33-50
3359 1693 3396 1838 liabent
3358 1578 3397 1678 Par.
3370 1408 3406 1460 33
3370 1159 3395 1376 accersere

3416 2788 3452 2828 A
3431 2755 3452 2762 :
3429 2511 3453 2726 arcessere
3415 2381 3453 2478 Par.
3417 2159 3463 2211 36
3415 1997 3463 2127 turpis
3419 1907 3463 1965 ψε
3414 1709 3462 1862 puppis
3414 1601 3450 1673 Al:
3413 1446 3462 1569 pupis
3425 1379 3449 1412 cz
3414 1158 3461 1338 pauppis

3470 2732 3507 2826 Ριιν.
3482 2452 3517 2501 37
3470 2120 3518 2413 percussisque
3469 1999 3506 2073 A:
3469 1647 3517 1952 perscissisque
3467 1470 3505 1606 Pan:
3468 1158 3515 1425 permisis-quc

3523 2617 3561 2826 Livineius
3536 2397 3572 2449 39
3537 2242 3571 2366 quam
3525 2079 3572 2218 potius
3523 1958 3561 2055 Par.
3537 1901 3572 1935 g
3536 1683 3569 1735 40
3522 1504 3559 1653 occulit
3522 1380 3559 1479 Par.
3523 1157 3567 1210 46

3591 2700 3615 2825 curua
3578 2631 3614 2669 A
3593 2596 3615 2603 :
3580 2416 3626 2552 panda
3578 2284 3616 2382 Par.
3591 2059 3625 2111 40
3579 1880 3614 2028 bidens
3590 1614 3625 1842 uomerque
3576 1482 3613 1580 Par.
3591 1447 3612 1453 :
3576 1255 3611 1403 uidens
3576 1159 3624 1223 (iu

3634 2693 3669 2826 nitens
3634 2550 3674 2671 (vrrs)
3645 2383 3669 2525 uomer
3632 2323 3668 2362 Α
3647 2291 3669 2297 ;
3632 2128 3669 2259 nitent
3632 1923 3681 2103 quyctns
3646 1896 3668 1902 :
3632 1763 3667 1863 uitet
3636 1708 3667 1741 el
3632 1582 3667 1685 nitet
3631 1452 3668 1549 Par.
3644 1417 3666 1423 :
3630 1235 3666 1385 uiderit
3629 1164 3665 1203 A

3697 2782 3732 2827 51
3702 2725 3722 2746 e
3686 2528 3735 2701 lucoque
3718 2497 3725 2503 .
3717 2463 3724 2470 .
3717 2430 3724 2437 .
3687 2270 3735 2403 ipsetp
3701 2239 3723 2245 :
3686 2011 3733 2207 elutoque
3717 1979 3723 1985 .
3717 1947 3724 1955 .
3716 1913 3723 1921 .
3686 1798 3733 1886 ipso
3684 1735 3721 1774 A
3685 1670 3735 1714 (e
3686 1555 3722 1645 luco
3685 1364 3722 1530 reucliit
3683 1165 3733 1339 Cau-sio).

3746 2736 3777 2827 ante
3740 2608 3778 2717 hunc
3754 2420 3778 2587 uersum
3742 2200 3779 2395 lacunam
3740 2030 3778 2177 slatm't
3740 1867 3790 2015 Haupt
