5010 3336
898 1418 944 1545 LIB.
899 1307 945 1372 ΙΙ.

1034 2748 1097 2852 ipsa
1037 2543 1082 2711 Venus
1037 2382 1081 2502 latos
1033 2248 1081 2343 iam
1051 2076 1081 2207 nunc
1034 1816 1095 2037 migrauit
1033 1728 1080 1774 in
1050 1535 1095 1690 agros,

1117 2536 1178 2785 uerbaque
1115 2300 1162 2499 aratoris
1115 2083 1161 2261 rustica
1114 1902 1161 2047 discit
1117 1698 1161 1864 Amor.

1214 2825 1243 2854 o
1214 2683 1258 2787 ego,
1214 2531 1243 2642 cum
1196 2225 1258 2493 aspicerem
1196 1915 1253 2185 dominam,
1213 1724 1257 1874 quam
1195 1500 1242 1685 sortiter
1194 1368 1241 1463 illic

1295 2544 1325 2787 uersarem
1278 2338 1325 2503 ualido
1278 2119 1340 2300 pingue
1278 1880 1325 2081 bidente
1280 1683 1325 1841 solum

1360 2519 1423 2858 agricolaeque
1362 2330 1407 2480 modo
1376 2084 1407 2291 curuum
1370 1838 1406 2046 sectarer
1369 1575 1415 1802 aratrum,

1446 2670 1491 2791 dum
1444 2400 1505 2631 subigunt
1444 2176 1491 2361 steriles
1460 2024 1490 2141 arua
1444 1780 1490 1986 serenda
1443 1556 1489 1741 boues!

1542 2768 1573 2857 nec
1542 2504 1586 2729 quererer
1526 2332 1587 2467 quod
1527 2220 1571 2292 sol
1524 1983 1586 2184 graciles
1533 1725 1571 1944 exureret
1533 1543 1582 1687 artus,

1608 2578 1654 2792 laederet
1615 2493 1653 2541 et
1615 2266 1653 2457 teneras
1607 2028 1667 2229 pussula
1615 1851 1666 1992 rupta
1622 1625 1651 1813 manus.
1622 1188 1647 1232 10

1688 2725 1751 2860 pauit
1698 2640 1735 2687 et
1686 2400 1734 2603 Admeti
1697 2200 1733 2362 tauros
1688 1917 1732 2161 formosus
1687 1682 1747 1877 Apollo,

1786 2702 1816 2794 nec
1768 2480 1815 2665 cithara
1768 2218 1814 2443 intonsae
1769 1829 1829 2181 profueruntue
1782 1605 1824 1791 comae,

1867 2771 1897 2861 nec
1849 2573 1911 2733 potuit
1866 2397 1897 2536 curas
1865 2188 1896 2359 sanare
1847 1872 1895 2150 salubribus
1847 1636 1894 1834 herbis:

1930 2551 1992 2795 quidquid
1939 2413 1977 2513 erat
1928 2152 1976 2376 medicae
1928 1932 1975 2115 uicerat
1928 1781 1975 1895 artis
1946 1594 1977 1743 amor.
1949 1189 1983 1230 ¹4

2012 2760 2074 2863 ipse
2013 2601 2060 2723 deus
2011 2393 2060 2563 solitus
2010 2151 2058 2356 stabulis
2012 1873 2072 2114 expellere
2026 1659 2057 1836 uaccas
2020 1190 2065 1257 24ss

2183 2819 2221 2865 et
2173 2576 2222 2779 miscere
2190 2404 2221 2539 nouo
2173 2138 2222 2368 docuisse
2174 1895 2234 2100 coagula
2174 1719 2231 1859 lacte,
2192 1218 2228 1265 14

2257 2615 2302 2798 lacteus
2264 2530 2302 2577 et
2254 2332 2301 2493 mixtis
2253 2023 2315 2294 obriguisse
2253 1813 2315 1985 liquor.
2263 1190 2309 1258 140

2346 2750 2383 2867 tunc
2337 2529 2383 2712 fiscella
2337 2398 2382 2493 leui
2336 2163 2382 2359 detexta
2344 2054 2382 2126 est
2334 1832 2381 2017 uimine
2333 1648 2393 1793 iunci,
2353 1195 2392 1239 ¹5

2433 2597 2477 2799 raraque
2433 2475 2478 2560 per
2432 2286 2463 2439 nexus
2424 2175 2462 2247 est
2414 2058 2462 2137 uia
2417 1894 2462 2021 facta
2432 1736 2462 1855 sero.

2514 2840 2543 2868 o
2496 2572 2558 2802 quotiens
2497 2450 2545 2533 illo
2496 2202 2543 2411 uitulum
2506 1943 2558 2164 gestante
2513 1820 2558 1905 per
2513 1642 2559 1783 agros

2577 2623 2625 2801 dicitur
2593 2325 2625 2586 occurrens
2576 2032 2624 2286 erubuisse
2581 1830 2624 1994 soror!

2677 2840 2705 2870 o
2658 2576 2721 2802 quotiens
2675 2374 2717 2539 ausae,
2668 2141 2705 2337 caneret
2659 1983 2705 2103 dum
2660 1816 2705 1945 ualle
2659 1687 2706 1779 sub
2660 1539 2715 1650 alta,

2757 2580 2802 2803 rumpere
2740 2354 2802 2541 mugitu
2739 2098 2787 2315 carmina
2741 1912 2787 2060 docta
2740 1686 2787 1875 boues!
2760 1200 2785 1247 κε

2837 2727 2882 2871 saepe
2823 2539 2868 2690 duces
2820 2300 2883 2501 trepidis
2820 2079 2882 2262 petiere
2822 1846 2867 2041 oracula
2821 1648 2877 1807 rebus,

2901 2670 2949 2805 uenit
2912 2586 2949 2633 et
2919 2521 2948 2549 a
2902 2290 2963 2484 templis
2900 2109 2948 2251 inrita
2900 1928 2947 2072 turba
2902 1655 2947 1891 domum:

2999 2730 3045 2872 saepe
2984 2498 3030 2692 horrere
2999 2298 3031 2460 sacros
2981 2101 3030 2259 doluit
2984 1870 3028 2062 Latona
2981 1618 3042 1833 capillOS‚

3080 2682 3124 2807 quos
3063 2406 3111 2646 admirata
3073 2297 3111 2369 est
3063 2154 3125 2257 ipsa
3079 1904 3110 2117 nouerca
3062 1722 3123 1866 prius.

3143 2655 3206 2874 quisquis
3144 2235 3206 2616 inornatumque
3154 2051 3206 2197 caput
3143 1755 3205 2014 crinesque
3145 1532 3191 1717 solutos

3225 2557 3287 2809 aspiceret,
3226 2325 3273 2513 Phoebi
3235 2034 3287 2286 quaereret
3224 1918 3272 1997 ille
3240 1670 3271 1878 comam.

3307 2721 3354 2870 Delos
3307 2598 3355 2682 ubi
3324 2415 3366 2561 nunc,
3308 2156 3365 2372 Phoebe,
3316 2032 3353 2115 tua
3316 1911 3364 1996 est,
3305 1786 3352 1870 ubi
3304 1501 3367 1744 Delphica
3307 1266 3366 1463 Pytho?

3405 2627 3451 2806 nempe
3391 2434 3437 2589 Amor
3388 2348 3435 2397 in
3405 2160 3450 2310 parua
3396 2076 3434 2121 te
3386 1902 3435 2037 iubet
3403 1758 3434 1862 esse
3403 1595 3433 1719 casa.

3531 2796 3565 2819 3
3518 2630 3557 2764 laetos
3533 2571 3569 2605 g
3532 2369 3567 2392 5
3519 2240 3555 2337 dum
3518 2064 3566 2207 Iqune
3530 1835 3555 1882 10
3517 1632 3567 1803 pussula
3516 1452 3555 1599 liabens
3515 1369 3554 1432 Fa.
3532 1336 3552 1341 :
3531 1212 3565 1301 pus-

3572 2788 3609 2873 tula
3573 2718 3608 2757 A
3587 2485 3610 2526 11
3572 2279 3611 2449 Admeti
3586 2193 3622 2253 g:
3573 1970 3609 2145 armenti
3572 1899 3608 1938 A
3574 1626 3619 1690 14a
3577 1556 3609 1589 ct
3569 1452 3619 1518 ιβ’
3572 1208 3607 1420 consancta

3626 2790 3662 2874 sine
3626 2545 3666 2757 interuallo
3628 2467 3665 2509 ιίι
3627 2392 3663 2432 Α
3630 2137 3674 2201 14⁰
3628 1963 3663 2105 mixtis
3630 1878 3676 1933 ψῑ
3626 1679 3665 1835 mixtus
3626 1608 3663 1647 A
3626 1334 3662 1382 16
3638 1209 3662 1302 scr«)

3679 2728 3717 2872 habent
3681 2641 3721 2707 Fr.
3694 2421 3729 2469 27
3682 2249 3731 2386 Pytho
3684 2161 3732 2217 ψῑ
3681 2012 3730 2129 phito
3680 1940 3718 1980 A

3735 1318 3770 1365 :jv
