5010 3336
1138 2660 1201 2843 primus
1137 2344 1201 2622 inexpertae
1138 2058 1186 2305 commisit
1138 1832 1187 2021 semina
1147 1642 1187 1796 terrae

1236 2530 1282 2778 pomaque
1237 2393 1267 2493 non
1220 2224 1268 2354 notis
1220 2071 1283 2185 legit
1222 1971 1268 2034 ab
1220 1663 1268 1934 arboribus.

1300 2767 1347 2846 hic
1300 2562 1354 2731 docuit
1310 2305 1348 2523 teneram
1301 2144 1363 2265 palis
1302 1841 1364 2107 adiungere
1302 1636 1360 1803 uitem,

1387 2702 1434 2780 hic
1388 2458 1436 2664 uiridem
1391 2296 1436 2418 dura
1390 2054 1437 2259 caedere
1391 1893 1437 2015 falce
1406 1629 1437 1855 comam:

1467 2784 1514 2849 illi
1468 2501 1516 2745 iucundos
1469 2251 1531 2462 primum
1480 2022 1518 2209 matura
1488 1787 1532 1985 sapores
1491 1179 1531 1226 35

1564 2558 1610 2783 expressa
1550 2324 1597 2520 incultis
1568 2188 1598 2285 uua
1551 2014 1599 2151 dedit
1551 1753 1612 1977 pedibus,

1628 2773 1676 2850 ille
1629 2575 1691 2735 liquor
1631 2368 1678 2539 docuit
1648 2182 1679 2330 uoces
1631 1894 1680 2143 inflectere
1642 1693 1685 1856 cantu,

1709 2628 1757 2783 mouit
1720 2544 1757 2590 et
1713 2444 1758 2506 ad
1722 2248 1759 2405 certos
1712 2044 1759 2208 nescia
1714 1784 1760 2006 membra
1714 1539 1762 1747 modos:

1792 2625 1838 2850 Bacchus
1802 2539 1839 2586 et
1792 2261 1855 2502 agricolae
1810 2042 1855 2221 magno
1796 1777 1841 2003 confecta
1796 1574 1842 1741 labore

1882 2588 1933 2787 pectora
1874 2330 1921 2550 tristitiae
1874 1972 1923 2292 dissoluenda
1875 1765 1923 1934 dedit:
1897 1179 1935 1231 40

1953 2627 2000 2852 Bacchus
1963 2540 2001 2588 et
1954 2292 2002 2503 adflictis
1955 2035 2017 2253 requiem
1957 1704 2004 1993 mortalibus
1958 1494 2016 1665 adfert,

2049 2651 2080 2789 crura
2034 2500 2082 2613 licet
2036 2340 2083 2463 dura
2038 2059 2098 2303 compede
2039 1880 2099 2021 pulsa
2047 1653 2086 1843 sonent.

2128 2758 2160 2856 non
2114 2631 2161 2719 tibi
2124 2480 2162 2593 sunt
2115 2283 2163 2441 tristes
2134 2101 2165 2244 curae
2134 1972 2165 2062 nec
2120 1760 2177 1934 luctus,
2117 1574 2177 1717 Osiri,

2196 2704 2243 2791 sed
2197 2489 2244 2667 chorus
2206 2403 2245 2450 et
2208 2193 2245 2366 cantus
2208 2108 2246 2155 et
2198 1950 2245 2071 leuis
2208 1770 2261 1913 aptus
2216 1581 2257 1732 amor,

2276 2772 2322 2857 sed
2276 2616 2322 2734 uarii
2278 2434 2325 2576 flores
2287 2348 2325 2395 et
2280 2177 2326 2309 frons
2278 1912 2326 2138 redimita
2280 1615 2341 1875 corymbis,
2300 1184 2340 1234 45

2357 2687 2403 2792 fusa
2358 2562 2404 2649 sed
2359 2462 2405 2525 ad
2367 2229 2406 2423 teneros
2361 2059 2406 2189 lutea
2362 1894 2421 2021 palla
2362 1705 2422 1857 pedes

2447 2814 2483 2860 et
2436 2600 2497 2775 Tyriae
2448 2400 2486 2562 uestes
2448 2315 2486 2361 et
2440 2120 2487 2275 dulcis
2440 1961 2487 2080 tibia
2450 1776 2488 1923 cantu

2527 2748 2563 2793 et
2517 2588 2564 2708 leuis
2519 2345 2566 2549 occultis
2520 2108 2567 2307 conscia
2520 1950 2568 2071 cista
2522 1754 2569 1913 sacris.

2598 2765 2644 2861 huc
2599 2610 2645 2728 ades
2609 2522 2646 2569 et
2599 2268 2647 2482 Genium
2601 2101 2648 2228 ludis
2611 1759 2664 2061 centumque
2602 1527 2651 1719 choreis

2680 2504 2727 2796 concelebra
2691 2420 2728 2467 et
2684 2226 2729 2380 multo
2692 1964 2745 2186 tempora
2685 1773 2731 1927 funde
2701 1566 2733 1734 mero:

2759 2739 2808 2863 illius
2770 2653 2808 2700 et
2760 2458 2810 2615 nitido
2763 2238 2811 2420 stillent
2774 1948 2826 2198 unguenta
2766 1718 2827 1910 capillo,

2851 2752 2889 2799 et
2842 2554 2904 2714 capite
2852 2470 2891 2517 et
2847 2304 2892 2432 collo
2846 2098 2893 2265 mollia
2856 1933 2893 2059 serta
2856 1751 2908 1897 gerat.

2922 2797 2970 2865 sic
2924 2591 2972 2760 uenias
2925 2281 2974 2552 hodierne:
2926 2143 2973 2230 tibi
2929 1988 2974 2104 dem
2928 1833 2975 1950 turis
2930 1567 2990 1794 honores,

3003 2703 3051 2800 liba
3014 2618 3052 2665 et
3007 2310 3069 2579 Mopsopio
3008 2107 3055 2271 dulcia
3012 1924 3057 2067 melle
3012 1720 3058 1885 seram.

3093 2822 3131 2869 at
3084 2698 3132 2784 tibi
3098 2384 3135 2659 succrescat
3091 2185 3150 2347 proles
3107 2019 3151 2146 quae
3092 1854 3138 1981 facta
3092 1603 3153 1817 parentis

3176 2629 3228 2804 augeat
3176 2546 3215 2593 et
3167 2380 3215 2508 circa
3179 2250 3216 2343 stet
3173 1928 3219 2211 ueneranda
3189 1708 3220 1890 senem.

3261 2779 3293 2869 nce
3255 2585 3295 2742 taceat
3261 2223 3298 2547 monumenta
3251 2064 3310 2186 uiae,
3270 1874 3314 2022 quem
3256 1618 3301 1835 Tuscula
3258 1438 3305 1581 tellus

3328 2491 3391 2803 candidaque
3331 2249 3393 2455 antiquo
3334 2023 3381 2211 detinet
3336 1855 3383 1985 Alba
3337 1681 3383 1816 Lare.

3468 2767 3504 2817 35
3458 2535 3497 2736 iocundos
3460 2465 3496 2505 Α
3460 2368 3499 2437 Fr.
3476 2129 3510 2181 40
3464 1915 3502 2098 lactitiae
3465 1685 3503 1878 *Muretus
3466 1604 3503 1654 al.
3472 1466 3505 1561 recle
3474 1391 3506 1435 ut
3470 1194 3508 1357 midslnr

3523 2828 3555 2872 41
3512 2650 3548 2793 habent
3513 2550 3553 2620 Fr.
3516 2331 3553 2437 affer
3517 2234 3554 2301 Fr.
3532 2012 3567 2061 42
3521 1775 3567 1980 compede
3525 1688 3571 1743 φτ
3523 1483 3570 1656 cuspide
3523 1411 3559 1451 A
3538 1200 3573 1250 45

3565 2678 3603 2870 redimita
3569 2458 3606 2655 corimbis
3570 2288 3607 2436 habent
3572 2204 3610 2270 Fr.
3587 2170 3609 2177 :
3573 1915 3611 2138 chorimbis
3575 1844 3610 1884 A
3589 1621 3623 1671 47
3578 1481 3614 1588 dulci
3591 1419 3627 1454 g
3593 1199 3627 1250 49

3619 2706 3666 2871 genium
3651 2663 3658 2671 .
3652 2627 3659 2634 .
3653 2593 3660 2599 .
3630 2310 3673 2561 centumque
3626 2232 3662 2275 G.
3627 2146 3665 2192 G.
3626 1901 3676 2120 Ramsay:
3636 1689 3667 1856 centum
3660 1654 3667 1661 .
3660 1621 3668 1629 .
3660 1586 3668 1595 .
3631 1304 3679 1559 geniumque
3635 1234 3669 1274 A
3648 1202 3670 1208 :

3674 2704 3719 2873 genium
3704 2671 3712 2679 .
3706 2637 3713 2643 .
3705 2605 3713 2613 .
3678 2328 3727 2581 geniumque
3680 2075 3719 2305 Markland
3683 1864 3720 1971 ludis
3687 1816 3731 1842 ψ
3699 1788 3721 1795 :
3685 1635 3722 1755 ludos
3684 1562 3720 1603 A
3700 1532 3722 1538 :
3686 1405 3723 1499 ludo
3688 1202 3735 1378 (in—vetus·

3725 2643 3765 2873 Markland
3745 2418 3781 2469 53
3734 2315 3771 2385 tibi
3736 2164 3785 2278 dem]
3736 2021 3785 2135 deus,
3738 1919 3775 1993 tibi
3738 1647 3775 1885 Francken:
3740 1456 3776 1602 malim
3742 1313 3778 1421 Geni
3742 1206 3778 1274 tibi

3794 2825 3826 2873 54
3783 2600 3830 2789 mosopio
3784 2529 3821 2569 A
3789 2291 3825 2414 melle
3803 2209 3837 2266 g:
3790 2055 3828 2177 mella
3792 1984 3828 2023 A
3796 1733 3840 1785 56
3800 1501 3831 1699 uenerata
3798 1443 3843 1470 ψ
3810 1208 3845 1258 57

3847 2798 3871 2873 ncc
3835 2710 3873 2757 1⁴⁷:
3851 2626 3875 2678 ne
3840 2556 3876 2595 A
3854 2317 3890 2439 quern
3847 2229 3893 2284 tp:
3858 2117 3893 2198 quc
3846 2044 3881 2085 A
3848 1824 3895 1875 58
3849 1558 3885 1793 candidaue
3849 1478 3887 1525 L.
3848 1277 3887 1449 Mueller
