5010 3336
4027 1483 4076 1765 TIBVLLI

3894 1478 3924 1591 nam
3891 1629 3938 1755 ferus
3890 1793 3938 1872 ille
3888 1910 3919 2024 suae
3873 2060 3935 2269 plorabit
3885 2306 3934 2495 sobrius
3884 2532 3933 2663 idem

3813 1546 3850 1592 et
3811 1629 3842 1680 se
3810 1717 3859 1892 iurabit
3808 1930 3846 2093 mente
3807 2130 3855 2277 fuisse
3806 2314 3851 2453 mala.

3720 1476 3763 1596 pace
3732 1634 3769 1715 tua
3717 1751 3767 1952 pereant
3728 1987 3759 2126 arcus
3712 2164 3764 2461 pereantque
3711 2499 3773 2713 sagittae,

3641 1543 3697 1756 Phoebe,
3650 1800 3695 1950 modo
3650 1988 3697 2037 in
3649 2074 3695 2208 terris
3648 2245 3685 2367 erret
3647 2405 3693 2600 inermis
3646 2638 3690 2803 Amor.

3574 1472 3604 1547 ars
3571 1586 3619 1744 bona:
3571 1794 3616 1880 sed
3556 1918 3606 2179 postquam
3554 2217 3615 2423 sumpsit
3567 2461 3615 2553 sibi
3566 2590 3611 2685 tela
3550 2722 3613 2933 Cupido,

3492 1541 3537 1635 heu
3491 1674 3536 1769 heu
3476 1807 3520 1953 quam
3489 1993 3536 2156 multis
3489 2192 3519 2267 ars
3488 2305 3535 2441 dedit
3487 2478 3535 2569 ista
3486 2606 3531 2821 malum!

3414 1471 3451 1517 et
3412 1557 3459 1673 mihi
3395 1712 3458 1984 praecipue,
3409 2024 3458 2160 iaceo
3410 2196 3439 2308 cum
3408 2347 3455 2539 saucius
3408 2575 3438 2760 annum

3331 1536 3368 1583 et
3315 1622 3378 1785 (faueo
3328 1823 3375 1996 morbo
3328 2034 3358 2145 cum
3327 2183 3374 2317 iuuat
3312 2354 3374 2457 ipse
3311 2494 3373 2655 dolor)

3236 1470 3281 1623 usque
3249 1660 3279 1784 cano
3236 1821 3295 2089 Nemesim,
3247 2130 3295 2233 sine
3232 2271 3277 2367 qua
3246 2404 3277 2571 uersus
3246 2609 3294 2727 mihi
3243 2765 3290 2927 nullus

3168 1535 3216 1685 uerba
3153 1720 3205 1881 potest
3167 1917 3215 2069 iustos
3167 2104 3204 2188 aut
3152 2223 3214 2429 reperire
3151 2466 3211 2630 pedes.

3088 1465 3126 1513 at
3076 1551 3125 1614 tu,
3087 1656 3117 1768 nam
3086 1807 3134 1976 diuum
3085 2016 3130 2362 seruat⁴tutela
3070 2398 3122 2587 poetas,

2992 1532 3036 1847 praemoneo,
3006 1883 3053 1982 uati
2991 2019 3035 2174 parce,
2990 2215 3050 2389 puella,
2993 2431 3035 2581 sacro,

2926 1465 2963 1514 ut
2925 1556 2972 1878 Messalinum
2914 1916 2971 2173 celebrem,
2925 2214 2955 2324 cum
2910 2364 2972 2579 praemia
2923 2616 2971 2729 belli

2843 1529 2881 1643 ante
2844 1680 2874 1793 suos
2843 1831 2874 1995 currus
2829 2035 2891 2217 oppida
2843 2253 2891 2382 uicta
2832 2419 2888 2551 feret,

2748 1462 2810 1563 ipse
2749 1600 2793 1770 gerens
2763 1808 2808 1998 laurus:
2764 2048 2808 2182 lauro
2764 2220 2811 2478 deuinctus
2749 2514 2811 2688 agresti

2683 1529 2730 1665 miles
2684 1708 2730 1806 ‘io'
2668 1844 2713 2019 magna
2683 2057 2714 2180 uoce
2669 2221 2731 2518 ‘triumphe’
2682 2556 2720 2711 canet.

2602 1460 2639 1577 tunc
2602 1616 2647 1847 Messalla
2602 1884 2633 2021 meus
2588 2058 2651 2139 pia
2603 2175 2649 2258 det
2589 2295 2648 2574 spectacula
2602 2612 2649 2781 turbae

2522 1525 2559 1571 et
2507 1608 2566 1809 plaudat
2521 1846 2551 1987 curru
2507 2024 2559 2361 praetereunte
2507 2397 2559 2544 pater.

2438 1458 2484 1648 adnue:
2439 1698 2487 1766 sic
2439 1804 2487 1891 tibi
2439 1930 2486 2024 sint
2429 2060 2488 2255 intonsi,
2428 2297 2487 2512 Phoebe,
2424 2552 2488 2727 capilli,

2358 1525 2405 1592 sic
2358 1630 2396 1712 tua
2343 1748 2397 1986 perpetuo
2359 2023 2407 2082 sit
2359 2120 2408 2208 tibi
2359 2244 2398 2377 casta
2359 2415 2390 2563 soror.

2213 2112 2260 2186 VI

2117 1457 2165 1664 CASTRA
2118 1704 2164 1873 Macer
2105 1909 2167 2155 sequitur:
2120 2203 2158 2372 tenero
2105 2409 2169 2528 quid
2120 2566 2167 2648 fiet
2119 2684 2168 2895 Amori?

2038 1521 2085 1580 sit
2037 1617 2067 1783 comes
2036 1820 2075 1868 et
2038 1905 2083 2033 collo
2038 2069 2086 2254 fortiter
2038 2289 2070 2423 arma
2025 2458 2085 2630 gerat?

1957 1454 1994 1499 et
1957 1537 1987 1622 seu
1942 1661 2001 1805 longa
1957 1841 2004 1999 uirum
1956 2037 1995 2190 terrae
1957 2226 2005 2306 uia
1958 2342 1988 2426 seu
1943 2464 1989 2588 uaga
1958 2623 2004 2807 ducent

1862 1519 1906 1746 aequora,
1876 1787 1906 1899 cum
1876 1937 1923 2042 telis
1875 2080 1921 2143 ad
1876 2180 1921 2303 latus
1876 2341 1924 2408 ire
1877 2445 1922 2614 uolet?

1783 1454 1824 1549 ure,
1780 1590 1824 1721 puer,
1780 1764 1825 1961 quaeso,
1794 2002 1832 2083 tua
1780 2120 1842 2203 qui
1795 2240 1840 2367 ferus
1795 2405 1843 2504 otia
1781 2539 1843 2692 liquit,

1700 1518 1752 1666 atque
1715 1704 1761 1877 iterum
1714 1915 1745 2137 erronem
1714 2175 1761 2267 sub
1715 2304 1752 2387 tua
1701 2424 1763 2559 signa
1715 2595 1746 2732 uoca.

1618 1452 1679 1587 quod
1634 1624 1681 1663 si
1634 1700 1681 1934 militibus
1619 1972 1664 2153 parces,
1634 2195 1681 2282 erit
1635 2319 1681 2399 hic
1620 2435 1666 2634 quoque
1623 2671 1682 2823 miles,

1537 1518 1600 1621 ipse
1551 1658 1598 1817 leuem
1537 1855 1597 1991 galea
1537 2027 1599 2110 qui
1551 2148 1600 2238 sibi
1538 2275 1591 2434 portet
1538 2470 1584 2661 aquam.

3711 3059 3751 3132 105

3321 3056 3350 3129 110

2908 3046 2948 3123 115

2519 3041 2546 3118 120

1421 1511 1455 1582 104
1421 1610 1465 1703 post
1432 1730 1470 1839 hunc
1433 1858 1457 2023 uersum
1434 2052 1457 2134 non
1434 2162 1471 2275 nulla
1434 2302 1473 2544 intercidisse
1422 2574 1472 2803 suspicatus
1434 2823 1468 2879 est
1433 2898 1472 3107 Baehrens

1377 1456 1413 1531 108
1378 1561 1414 1668 eheu
1367 1691 1412 1718 ψ
1369 1901 1403 1976 109
1380 2005 1415 2119 iaceo
1368 2142 1415 2199 ψε
1380 2231 1411 2347 taceo
1381 2383 1417 2422 A
1380 2569 1406 2643 110
1369 2674 1417 2908 interpzmxi
1388 2945 1391 2947 ι

1324 1452 1359 1548 dum
1323 1571 1361 1734 Statius
1324 1883 1360 1958 116
1325 1989 1363 2092 seret
1314 2118 1350 2181 g:
1326 2212 1364 2349 serent
1327 2383 1364 2424 A
1316 2574 1352 2647 117
1314 2680 1364 2866 laurosg

1259 1452 1294 1604 parens
1257 1630 1293 1663 g

1367 2990 1417 3103 cum]

1325 3029 1351 3104 120
