5010 3336
3815 2170 3861 2243 IV

3725 1514 3770 1613 Hic
3723 1654 3769 1770 mihi
3717 1810 3766 2059 seruitium
3713 2099 3762 2249 uideo
3694 2284 3759 2638 dominamque
3691 2672 3743 2921 paratam:

3644 1575 3691 1667 iam
3630 1708 3687 1839 mihi,
3637 1880 3685 2076 libertas
3634 2114 3683 2194 illa
3619 2230 3670 2442 paterna,
3626 2483 3673 2605 uale.

3562 1506 3611 1754 seruitium
3560 1793 3605 1878 sed
3557 1918 3605 2050 triste
3543 2087 3601 2241 datur,
3536 2282 3590 2547 teneorque
3534 2584 3593 2781 catenis,

3486 1571 3523 1617 et
3467 1654 3514 1925 numquam
3476 1965 3525 2141 misero
3473 2179 3521 2341 uincla
3470 2377 3517 2577 remittit
3455 2612 3511 2780 Amor,

3406 1503 3444 1547 <st
3404 1587 3435 1670 seu
3388 1710 3448 1829 quid
3399 1865 3445 2019 merui
3395 2056 3427 2142 seu
3395 2180 3441 2246 nil
3378 2284 3437 2610 peccauimuS,
3386 2652 3434 2758 urit.
3368 3140 3406 3160 5

3312 1572 3355 1696 uror,
3310 1734 3369 1793 io,
3306 1835 3349 2047 remoue,
3313 2089 3346 2234 saeua
3298 2271 3356 2444 puella,
3308 2486 3355 2628 faces.

3247 1501 3275 1529 0
3230 1567 3275 1657 ego
3242 1695 3272 1757 ne
3226 1794 3285 1977 possim
3236 2017 3281 2137 tales
3230 2174 3280 2352 sentire
3216 2390 3275 2597 dolores,

3151 1566 3196 1713 quam
3159 1753 3205 1947 mallem
3158 1986 3204 2035 in
3141 2072 3202 2244 gelidis
3148 2282 3197 2532 montibus
3145 2571 3177 2676 esse
3128 2712 3190 2848 lapis,

3084 1499 3123 1622 stare
3082 1660 3126 1738 uel
3078 1776 3127 1958 insanis
3074 1994 3112 2160 cautes
3070 2198 3119 2411 obnoxia
3054 2446 3113 2619 uentis,

2986 1566 3047 1794 naufraga
2984 1831 3029 1978 quam
2976 2016 3041 2140 uasti
2990 2179 3037 2406 tunderet
2988 2442 3033 2575 unda
2984 2612 3031 2785 maris!
2978 3111 3004 3157 10

2922 1499 2954 1627 nunc
2921 1664 2958 1711 et
2917 1747 2949 1911 amara
2915 1948 2962 2051 dies
2913 2089 2951 2135 et
2910 2172 2958 2330 noctis
2907 2367 2954 2573 amarior
2903 2609 2950 2783 umbra
2900 2819 2938 2919 est:

2840 1561 2888 1727 omnia
2838 1764 2869 1878 nam
2835 1917 2883 2037 tristi
2818 2076 2871 2296 tempora
2828 2333 2875 2443 felle
2825 2482 2871 2697 madent.

2763 1496 2794 1582 nec
2748 1621 2797 1824 prosunt
2742 1861 2803 1982 elegi
2754 2021 2785 2112 nec
2751 2149 2798 2377 carminis
2747 2413 2785 2581 auctor
2731 2618 2791 2827 Apollo:

2682 1562 2730 1638 illa
2679 1676 2710 1797 caua
2663 1833 2723 2042 pretium
2658 2080 2719 2262 flagitat
2655 2299 2701 2456 usque
2666 2493 2697 2656 manu.

2602 1492 2647 1553 itt·
2586 1593 2643 1773 procul,
2584 1817 2642 2003 Musae,
2594 2047 2641 2084 si
2591 2123 2622 2222 non
2576 2261 2635 2501 prodestis
2583 2538 2630 2755 amanti:

2519 1556 2549 1655 non
2503 1694 2547 1784 ego
2504 1821 2545 1923 uos,
2513 1964 2550 2015 ut
2511 2053 2559 2147 sint
2508 2186 2557 2312 bella
2494 2349 2550 2583 canenda,
2491 2626 2547 2750 colo,

2439 1492 2469 1578 nec
2436 1616 2482 1769 refero
2418 1808 2480 2034 Solisque
2429 2071 2477 2174 uias
2429 2212 2466 2258 et
2413 2297 2473 2466 qualis,
2423 2507 2470 2591 ubi
2420 2630 2467 2799 orbem

2342 1555 2401 1835 compleuit,
2351 1875 2399 2025 uersis
2346 2066 2395 2205 Luna
2346 2243 2393 2442 recurrit
2329 2478 2389 2629 equis.

2278 1486 2323 1546 ad
2274 1585 2323 1839 dominam
2270 1878 2319 2041 faciles
2267 2078 2316 2238 aditus
2252 2276 2296 2361 per
2262 2398 2310 2612 carmina
2246 2650 2290 2859 quaero:

2197 1555 2245 1616 ite
2181 1653 2238 1835 procul,
2179 1878 2237 2066 Musae,
2189 2108 2237 2146 si
2170 2184 2235 2305 nihil
2161 2343 2233 2433 ista
2180 2472 2227 2650 ualent.
2172 3096 2199 3145 20

2118 1485 2155 1529 at
2115 1569 2163 1687 mihi
2099 1724 2144 1810 per
2110 1846 2156 2049 caedem
2108 2087 2146 2133 et
2104 2172 2166 2370 faci'n'ii‘s‘*
2101 2392 2167 2514 'sunt’
2097 2548 2145 2680 dona
2081 2715 2139 2946 paranda,

2035 1553 2066 1611 ne
2033 1650 2080 1833 iaceam
2029 1871 2076 2086 clausam
2025 2124 2073 2299 flebilis
2021 2336 2060 2451 ante
2016 2487 2065 2726 domum:

1957 1482 1993 1563 aut
1939 1601 2001 1783 rapiam
1936 1821 1982 2057 suspensa
1945 2093 1993 2239 sacris
1926 2278 1992 2672 insignia-fanis:

1874 1548 1919 1633 sed
1871 1672 1918 1841 Venus
1868 1877 1907 1991 ante
1865 2026 1914 2146 alios
1862 2185 1901 2258 est
1856 2295 1907 2526 uiolanda
1854 2563 1901 2694 mihi.

1795 1480 1842 1557 illa
1792 1596 1837 1778 malum
1787 1816 1836 2002 facinus
1782 2041 1828 2213 suadet
1761 2252 1825 2605 dominamque
1758 2643 1802 2866 rapacem
1754 3091 1793 3136 25

1712 1546 1757 1628 dat
1708 1667 1757 1814 mihi:
1688 1863 1752 2118 sacrilegas
1695 2156 1744 2333 sentiat
1695 2370 1743 2450 illa
1692 2487 1723 2673 manus.

1633 1478 1661 1506 o
1616 1545 1667 1707 pereat
1610 1745 1675 2044 quicumque
1606 2082 1668 2195 legit
1600 2232 1665 2512 uiridesque
1597 2548 1655 2829 smaragdos

1549 1543 1586 1589 et
1547 1627 1597 1821 niueam
1530 1860 1590 2007 Tyrio
1537 2047 1586 2229 murice
1521 2267 1583 2406 tingit
1532 2443 1563 2601 ouem.

1402 2590 1421 2615 ὸ

1376 1476 1413 1645 remittit
1363 1675 1408 1732 ψι
1371 1764 1408 1948 remittet
1371 1979 1406 2020 A
1357 2148 1393 2171 5
1366 2203 1403 2260 nil
1362 2292 1402 2521 [ίεὶιῑείτιεε
1350 2549 1396 2646 quid
1359 2678 1396 2719 A
1345 2864 1379 2883 7
1344 2916 1379 3079 possem
1346 3102 1384 3130 ψ

1323 1479 1347 1523 ro
1321 1556 1357 1661 uasti
1307 1687 1344 1821 gom.
1317 1855 1354 1927 A:
1315 1970 1353 2088 uitrei
1301 2122 1343 2251 supra
1310 2278 1348 2348 lin.
1309 2382 1347 2518 addim
1308 2550 1343 2600 ab
1305 2632 1342 2757 altera
1300 2790 1326 2950 mann:
1287 2982 1337 3126 Libyci

1257 1473 1303 1671 tmnpfmn‘
1254 1766 1290 1823 11,
1265 1854 1289 1900 12
1262 1930 1298 2077 habent
1260 2094 1297 2194 Par.
1258 2296 1282 2341 12
1255 2374 1280 2469 narn
1253 2492 1291 2560 A:
1252 2594 1278 2703 nunc
1249 2731 1287 2854 Pan:
1247 2886 1285 2965 iam
1234 2988 1281 3122 gbfort.

1216 1474 1245 1563 rut-{12
1200 1735 1237 1779 17
1209 1813 1242 1854 et
1197 1875 1246 2010 qualis
1194 2040 1241 2095 ψε
1193 2126 1241 2288 equalis
1202 2318 1240 2360 A
1190 2527 1224 2596 27-
1187 2609 1224 2661 30
1194 2692 1234 2841 habent
1190 2859 1232 2956 Par,

1430 1530 1469 1588 IV
1430 1622 1453 1637 Ι
1428 1674 1467 1757 Hic
1413 1787 1459 1845 φτ
1424 1876 1461 1935 sic
1422 1959 1461 2025 A:
1422 2061 1460 2102 Ic
1422 2138 1458 2177 V
1419 2338 1441 2362 2
1406 2394 1446 2567 paterna
1413 2601 1437 2649 rr:
1402 2680 1443 2855 paterne
1409 2890 1446 2926 A
1395 3108 1429 3130 4
