5010 3336
884 1612 951 1924 [TIBVLLI
888 1442 934 1571 LIB.
889 1301 934 1398 ΙΙΙ.
884 1162 952 1259 VI]

1033 2779 1071 2826 at
1039 2651 1069 2741 nos
1038 2415 1070 2613 securae
1022 2115 1069 2380 reddamus
1030 1854 1082 2077 tempora
1036 1588 1067 1816 mensae:

1103 2624 1151 2759 uenit
1112 2477 1165 2586 post
1104 2260 1149 2439 multos
1119 2123 1149 2221 una
1118 1916 1149 2086 serena
1101 1762 1149 1880 dies,

1185 2785 1233 2827 ei
1184 2613 1242 2745 milii,
1183 2376 1231 2572 difficile
1192 2267 1230 2339 est
1182 2054 1230 2229 imitari
1182 1838 1245 2016 gaudia
1184 1668 1241 1801 falsa,

1265 2562 1313 2759 difficile
1274 2453 1312 2524 est
1264 2294 1311 2414 tristi
1266 2075 1327 2255 fingere
1275 1871 1312 2035 mente
1265 1653 1322 1833 iocum,

1364 2737 1395 2827 nec
1348 2572 1394 2698 bene
1346 2307 1394 2533 mendaci
1346 2148 1394 2268 risus
1346 1797 1408 2109 componitur
1363 1661 1404 1760 ore,
1364 1158 1404 1205 35

1445 2669 1476 2761 nec
1428 2504 1475 2631 bene
1427 2249 1475 2467 sollicitis
1427 2078 1475 2211 ebria
1428 1891 1475 2040 uerba
1437 1664 1474 1854 sonant.

1508 2708 1571 2828 quid
1526 2493 1570 2670 queror
1508 2255 1555 2456 infelix?
1518 2020 1570 2185 turpes
1508 1741 1556 1981 discedite
1524 1528 1555 1703 curae:

1589 2656 1637 2761 odit
1591 2392 1636 2617 Lenaeus
1588 2202 1636 2354 tristia
1590 2014 1636 2166 uerba
1598 1831 1650 1978 pater.

1669 2623 1727 2827 Gnosia,
1671 2361 1716 2586 Theseae
1670 2070 1730 2323 quondam
1667 1822 1730 2030 periuria
1667 1592 1729 1786 linguae

1749 2583 1797 2761 fleuisti
1749 2376 1811 2544 ignoto
1751 2235 1797 2338 sola
1749 2032 1797 2198 relicta
1748 1846 1796 1994 mari:
1769 1158 1804 1211 40

1830 2760 1878 2827 sic
1830 2545 1878 2722 cecinit
1847 2420 1892 2507 pro
1840 2335 1877 2381 te
1832 2107 1887 2296 doctus,
1830 1889 1887 2062 Minoi,
1830 1622 1878 1846 Catullus

1911 2587 1972 2760 ingrati
1913 2339 1958 2550 referens
1910 2144 1973 2294 impia
1912 1980 1958 2107 facta
1910 1841 1958 1944 uiri.

2008 2740 2039 2828 uos
2008 2611 2054 2701 ego
2008 2441 2039 2574 nunc
2008 2193 2039 2402 moneo:
1991 2018 2049 2143 felix,
1990 1675 2053 1977 quicumque
1992 1467 2038 1637 dolore

2072 2564 2119 2761 alterius
2072 2367 2120 2526 disces
2089 2183 2134 2327 posse
2089 1971 2119 2144 cauere
2082 1781 2120 1932 tuom.

2170 2736 2201 2827 nec
2170 2610 2200 2698 uos
2163 2488 2200 2572 aut
2153 2256 2215 2451 capiant
2152 1951 2215 2218 pendentia
2152 1683 2200 1913 bracchia
2154 1516 2201 1645 collo
2172 1160 2211 1210 45

2243 2676 2281 2760 aut
2236 2507 2281 2639 fallat
2234 2286 2282 2468 blanda
2234 2051 2282 2248 sordida
2233 1849 2295 2013 lingua
2250 1655 2295 1812 prece.

2314 2739 2363 2829 etsi
2332 2518 2377 2701 perque
2332 2366 2363 2478 suos
2316 2184 2363 2328 fallax
2314 1972 2362 2148 iurauit
2317 1751 2362 1934 ocellos

2398 2410 2457 2758 Iunonemque
2412 2234 2443 2371 suam
2412 2011 2458 2195 perque
2412 1835 2442 1973 suam
2398 1536 2455 1797 Venerem,

2478 2694 2523 2829 nulla
2478 2534 2524 2655 fides
2476 2321 2523 2495 inerit:
2476 2061 2538 2269 periuria
2476 1900 2523 2023 ridet
2486 1607 2523 1862 amantum

2557 2538 2620 2759 Iuppiter
2566 2454 2604 2501 et
2567 2242 2604 2417 uentos
2556 2062 2604 2203 inrita
2558 1904 2605 2024 ferre
2556 1718 2604 1866 iubet.
2579 1159 2618 1210 50

2654 2715 2701 2829 ergo
2638 2558 2699 2678 quid
2637 2340 2688 2519 totiens
2638 2120 2685 2302 fallacis
2638 1930 2685 2081 uerba
2640 1701 2700 1894 puellae

2720 2451 2781 2763 conqueror?
2718 2316 2767 2381 ite
2735 2251 2765 2279 a
2735 2123 2776 2213 me,
2718 1958 2765 2080 seria
2719 1758 2775 1920 uerba,
2735 1532 2781 1715 precor.

2817 2680 2862 2829 quam
2801 2465 2847 2643 uellem
2808 2264 2847 2426 tecum
2801 2053 2861 2223 longas
2799 1708 2861 2013 requiescere
2810 1498 2848 1671 noctes

2891 2716 2928 2762 ct
2890 2515 2928 2678 tecum
2882 2303 2943 2477 longos
2880 1976 2942 2264 peruigilare
2880 1820 2938 1939 dies,

2971 3116 3003 3125 5'
2963 2644 3025 2830 perfida
2979 2516 3009 2607 nec
2962 2304 3009 2477 merito
2962 2122 3009 2265 nobis
2961 1847 3009 2082 linimica
2962 1564 3011 1809 merenti†

3044 2567 3106 2765 perfida,
3044 2425 3101 2525 sed,
3042 2157 3105 2383 quamuis
3044 1922 3105 2120 perfida,
3060 1770 3091 1880 cara
3046 1538 3091 1734 tamen!

3000 1165 3025 1184 (a

2986 1193 3023 1213 usa

3186 3234 3221 3278 Ji„
3174 3106 3179 3108 ’
3186 2726 3221 2776 32
3174 2545 3211 2695 multos
3172 2268 3211 2519 Cuiaciamas
3175 2185 3222 2239 ψε
3172 2000 3210 2153 multas
3172 1930 3209 1969 Α
3172 1769 3212 1906 Plant.
3186 1546 3222 1596 33
3187 1352 3210 1513 nouum
3188 1168 3213 1329 carmen

3228 2696 3278 2831 incipit
3229 2638 3265 2678 iu
3228 2576 3263 2615 Α
3242 2544 3265 2551 :
3241 2422 3264 2514 cum
3229 2260 3276 2394 priore
3228 2089 3264 2226 iunxit
3228 1870 3264 2059 Μιωτίιις
3231 1578 3276 1713 33-36
3229 1401 3267 1549 liabent
3229 1302 3267 1371 Fr.
3230 1170 3268 1268 Par.

3294 2781 3329 2833 33
3282 2692 3332 2748 ei]
3282 2591 3319 2656 hei
3286 2505 3331 2561 tp:
3288 2434 3318 2474 et
3283 2335 3319 2403 Fr.
3296 2303 3319 2310 ε
3282 2238 3318 2273 si
3282 2168 3317 2207 A
3296 2136 3318 2142 :
3282 2094 3317 2103 i
3281 1996 3318 2058 V:
3282 1883 3318 1964 heu
3295 1740 3330 1860 quam
3283 1680 3320 1716 d.
3283 1548 3321 1644 Par.
3295 1336 3330 1386 34
3283 1169 3321 1302 locum

3337 2763 3374 2833 Fr.
3350 2624 3373 2735 man.
3338 2457 3385 2598 prima
3347 2213 3385 2277 35,
3338 2134 3384 2186 36
3336 2004 3385 2101 nec]
3350 1895 3373 1978 non
3336 1811 3373 1870 ln's
3335 1693 3374 1790 Par.
3350 1481 3386 1545 43,
3352 1403 3385 1453 44
3338 1271 3374 1369 felix
3370 1238 3375 1245 .
3369 1206 3376 1213 .
3368 1172 3377 1179 .

3398 2718 3427 2832 tuom
3391 2538 3428 2687 habent
3391 2452 3430 2519 ffr.
3390 2328 3427 2427 Par.
3404 2006 3438 2055 44
3392 1836 3427 1972 disces
3390 1765 3426 1804 Α
3392 1665 3429 1732 Μ’,
3391 1500 3428 1638 lezt.
3406 1466 3428 1473 :
3392 1292 3428 1434 didicit
3393 1172 3431 1269 Par.

3458 2682 3482 2832 cauere
3445 2582 3481 2650 Fr.
3444 2444 3483 2542 Par.
3444 2342 3481 2405 F:
3457 2168 3482 2311 carere
3444 2097 3481 2137 Α
3450 1831 3481 1943 tuom
3444 1562 3483 1798 Baehrens:
3452 1438 3482 1530 tuos
3446 1343 3483 1405 F:
3452 1243 3482 1311 tuo
3447 1171 3483 1211 A

3499 2765 3535 2833 Fr.
3512 2732 3535 2739 ε
3512 2582 3536 2700 suum
3499 2451 3536 2547 Par.
3512 2263 3547 2327 45,
3500 2184 3546 2236 46
3498 2005 3535 2154 liabent
3498 1888 3537 1986 Par.
3512 1718 3546 1768 45
3513 1635 3536 1685 110
3513 1535 3537 1610 uos
3500 1301 3547 1512 decipiant
3500 1172 3537 1266 Far.

3555 2780 3599 2833 46
3566 2675 3590 2750 nec
3554 2516 3601 2651 capiat
3553 2331 3591 2482 blanda
3554 2203 3592 2300 Par.
3553 1794 3590 1961 sordida
3556 1725 3589 1763 A
3554 1589 3591 1687 l'ar.
3554 1382 3591 1552 Plana:
3554 1169 3591 1339 subdola

3606 2635 3644 2836 llez'nsz'us
3620 2368 3656 2493 prece
3608 2162 3655 2338 Pangz
3609 2049 3645 2130 side
3608 1980 3644 2019 A
3608 1814 3645 1954 flant.
3621 1604 3654 1650 47
3609 1418 3645 1567 iurabit
3612 1359 3655 1386 ψ
3621 1174 3655 1219 51

3662 2736 3710 2835 quid
3665 2678 3712 2705 ψ
3661 2511 3700 2648 Plant.
3676 2479 3699 2486 :
3663 2382 3711 2448 qui
3662 2309 3699 2349 A
3662 2024 3701 2271 Cm'acz'anus
3674 1808 3710 1859 52
3662 1629 3699 1778 liabent
3663 1540 3701 1609 Fr.
3662 1279 3711 1421 procul
3667 1224 3712 1248 il.

3652 3087 3661 3095 n

3403 3118 3527 3123 Η.-.---
3535 3118 3623 3123 m—
3632 3119 3866 3125 *ο*-
3882 3120 3942 3129 s...
3974 3126 3978 3127 .
