5010 3336
4003 1455 4051 1819 SVLPICIAE
4005 1858 4052 2202 ELEGIDIA

3858 1456 3915 1563 iam,
3870 1605 3917 1811 nimium
3871 1851 3916 2084 Messalla
3872 2120 3920 2217 mei
3862 2254 3921 2487 studiose,
3860 2528 3924 2751 quiescas
3867 3082 3905 3103 5

3788 1521 3819 1615 neu
3775 1655 3837 1975 tempestiuae
3777 2011 3833 2187 †saepe
3777 2223 3840 2498 propinque
3794 2534 3841 2689 uiae†.

3708 1456 3754 1533 hic
3709 1571 3755 1789 animum
3697 1827 3741 2098 sensusque
3712 2135 3743 2271 meos
3714 2308 3759 2523 abducta
3702 2558 3763 2800 relinquo,

3628 1522 3677 1720 arbitrio
3616 1758 3660 1905 quam
3632 1943 3678 2017 uis
3633 2054 3663 2154 non
3634 2193 3681 2305 sinit
3635 2342 3666 2447 esse
3636 2486 3667 2611 meo.

3476 1560 3543 1865 [TIBVLLI
3496 1907 3541 2034 LIB.
3497 2077 3542 2173 ΙΙΙ.
3499 2214 3545 2483 XV=1V.
3485 2526 3551 2622 IX]

3406 1457 3450 1567 Scis
3407 1606 3454 1695 iter
3408 1730 3438 1787 ex
3409 1823 3457 1989 animo
3410 2026 3457 2274 sublatum
3414 2311 3461 2445 triste
3400 2483 3461 2710 puellae?

3326 1522 3375 1671 natali
3328 1710 3373 1902 Romae
3330 1938 3376 2035 iam
3331 2072 3378 2185 licet
3332 2222 3363 2327 esse
3334 2364 3371 2462 tuO.

3246 1456 3293 1685 omnibus
3248 1723 3294 1802 ille
3248 1838 3296 1942 dies
3249 1979 3297 2122 nobis
3251 2159 3300 2331 natalis
3240 2367 3292 2548 agatur,

3151 1523 3214 1607 qui
3166 1644 3197 1735 nec
3153 1772 3216 1993 opinanti
3170 2030 3201 2162 nunc
3171 2200 3219 2287 tibi
3173 2325 3218 2446 forte
3174 2483 3223 2631 uenit.

3013 1592 3080 1899 [TIBVLLI
3035 1941 3080 2069 Lite.
3036 2112 3083 2207 ΠΙ.
3038 2249 3085 2547 XV1=1V.
3024 2589 3092 2656 X]

2942 1460 2987 1687 GRATVM
2934 1725 2983 1809 est,
2946 1852 2977 2049 securus
2948 2086 2994 2296 multum
2936 2334 2997 2467 quod
2953 2505 2999 2601 iam
2954 2640 3003 2728 tibi
2953 2765 3001 2828 de
2952 2866 2985 2944 me

2848 1525 2911 1777 permittis,
2865 1818 2913 1982 subito
2868 2018 2898 2079 ne
2869 2117 2914 2243 male
2857 2280 2918 2445 inepta
2873 2482 2918 2669 cadam.

2782 1459 2829 1517 sit
2783 1555 2831 1643 tibi
2784 1680 2815 1795 cura
2772 1830 2823 1975 togae
2773 2009 2836 2169 potior
2776 2211 2824 2531 pressumque
2779 2569 2842 2777 quasillo

2702 1528 2741 1741 scortum
2691 1780 2736 1926 quam
2706 1967 2756 2103 Serui
2710 2142 2757 2238 filia
2698 2276 2759 2522 Sulpicia:

2621 1460 2671 1651 solliciti
2624 1689 2662 1801 sunt
2611 1839 2657 1925 pro
2617 1963 2676 2120 nobis,
2616 2162 2678 2340 quibus
2634 2378 2680 2458 illa
2634 2494 2682 2651 dolori
2633 2688 2674 2761 est
2625 3093 2662 3113 5

2542 1528 2572 1589 ne
2543 1626 2590 1800 cedam
2531 1838 2593 2006 ignoto
2549 2045 2597 2256 maxima
2552 2293 2583 2439 causa
2552 2474 2591 2597 toro.

2388 1530 2455 1836 [TIBVLLI
2412 1878 2456 2005 LIB.
2413 2049 2458 2145 III.
2415 2187 2462 2516 XVIIzIV.
2402 2556 2469 2657 XI]

2318 1464 2362 1637 ESTNE
2311 1675 2369 1775 tibi,
2314 1818 2371 2065 Cerinthe,
2326 2106 2363 2217 tuae
2313 2258 2375 2338 pia
2330 2374 2361 2488 cura
2317 2524 2378 2729 puellae,

2223 1528 2285 1662 quod
2241 1700 2272 1808 mea
2243 1846 2274 1977 nunc
2246 2016 2285 2158 uexat
2234 2197 2280 2401 corpora
2251 2438 2296 2564 fessa
2253 2600 2298 2766 calor?

2156 1459 2187 1485 a
2143 1522 2188 1611 ego
2159 1648 2189 1748 non
2161 1786 2209 1921 aliter
2163 1960 2210 2117 tristes
2165 2157 2213 2382 euincere
2170 2420 2217 2618 morbos

2062 1526 2126 1747 optarim,
2066 1788 2111 1935 quam
2082 1974 2120 2020 te
2084 2060 2132 2099 si
2071 2138 2117 2335 quoque
2089 2374 2134 2499 uelle
2076 2536 2130 2717 putem.

1996 1460 2032 1507 at
1998 1544 2046 1663 mihi
1985 1701 2047 1819 quid
1986 1857 2050 2008 prosit
2005 2049 2051 2247 morbos
2000 2288 2055 2525 euincere,
2012 2567 2059 2605 si
2013 2642 2050 2693 tu

1916 1526 1955 1690 nostra
1904 1726 1958 1865 potes
1921 1903 1966 2036 lento
1908 2078 1962 2274 pectore
1927 2313 1972 2432 ferre
1929 2470 1976 2632 mala?

2001 3096 2039 3115 <11

1798 1514 1833 1539 6
1799 1570 1823 1652 non
1788 1684 1834 1711 ψ
1801 1743 1839 1988 Ceaacsauns
1802 2031 1840 2167 Plant.
1792 2202 1842 2315 mtlg.
1807 2415 1834 2541 saeue
1799 2580 1849 2811 propinque
1812 2851 1852 2902 R.
1801 2952 1851 3115 Unger:

1732 1460 1769 1585 parce
1735 1609 1783 1842 propinque
1747 1872 1785 2077 Francken
1751 2195 1786 2219 8
1740 2249 1778 2371 quam
1753 2394 1789 2455 uis
1755 2476 1793 2660 Statius:
1747 2691 1796 2882 quamuis
1761 2912 1797 2952 A
1758 2977 1798 3115 Flam.

1690 1460 1727 1557 sinit
1692 1588 1729 1773 Statius:
1694 1803 1731 1908 sinis
1694 1939 1731 1979 A

1637 1515 1674 1594 XV
1640 1625 1663 1647 2
1640 1679 1675 1756 iam
1641 1785 1677 1881 licet
1641 1911 1678 1974 F:
1641 2019 1665 2101 non
1641 2140 1678 2249 sinet
1645 2279 1682 2318 A
1648 2478 1679 2547 tuo
1650 2579 1687 2667 AF
1651 2691 1688 2763 uix
1652 2794 1685 2912 recte:
1653 2955 1678 3029 suo
1641 3060 1686 3114 xp:

1583 1460 1607 1553 meo
1585 1583 1622 1772 Huschke
1576 1975 1611 2010 3,
1575 2039 1608 2061 4
1576 2087 1625 2272 grauiter
1580 2289 1630 2468 corrupti
1596 2601 1621 2636 ο.
1598 2664 1633 2686 i.
1598 2713 1636 2833 bonis
1599 2855 1636 2973 diues
1598 2996 1623 3035 n.
1586 3060 1636 3113 3.ss

1518 1460 1551 1496 q.
1529 1524 1553 1564 n.
1520 1587 1568 1757 opinata
1534 1778 1556 1803 n
1532 1838 1564 1865 t.
1533 1897 1570 2003 forte
1524 2042 1570 2127 (uel
1530 2145 1571 2276 sorte)
1537 2314 1560 2350 u.
1540 2383 1576 2635 Housman:
1533 2663 1580 2773 forle
1545 2807 1569 2845 o.
1546 2869 1582 2893 i.
1546 2922 1583 2961 d.
1545 2991 1582 3112 annis

1475 1461 1505 1543 tam
1477 1566 1514 1699 iaetus
1479 1728 1511 1825 ‘tarn
1479 1848 1515 1873 l.
1467 1902 1517 2126 Barlzrens)
1467 2155 1519 2159 Ι
1471 2187 1508 2307 quarn
1474 2332 1521 2423 (lzoc
1477 2441 1525 2664 Baehrens)
1491 2688 1522 2768 etc.

1422 1517 1460 1614 XVI
1425 1651 1448 1665 1
1424 1700 1461 1772 tibi
1416 1802 1458 1857 φτ
1426 1893 1462 1989 mihi
1428 2022 1465 2060 A
1429 2242 1453 2265 2
1418 2296 1470 2505 promittis
1436 2534 1472 2573 A
1428 2714 1463 2737 5
1438 2768 1476 2926 doloris
1426 2957 1476 3110 Rzsglcr,

1368 1461 1391 1553 cum
1369 1577 1393 1699 causa
1359 1724 1410 2052 com'zmgendzmz
1377 2218 1411 2243 6
1376 2274 1400 2351 nec
1379 2381 1415 2420 A
1379 2449 1419 2694 Cm'acianus
1384 2715 1421 2851 Plant.
1384 2968 1420 3109 cedam

1314 1461 1351 1648 Statius:
1315 1682 1353 1847 credam
1320 1880 1356 1919 A
1319 1949 1357 2193 Cm‘acianus
1322 2214 1360 2351 Plant.
1327 2471 1352 2593 causa
1330 2623 1367 2709 AF

1261 1515 1298 1637 XVII
1262 1676 1286 1691 1
1251 1728 1298 1797 pia
1264 1818 1289 1916 cura
1256 1946 1299 2000 ψε
1255 2031 1304 2229 placitur-a
1271 2259 1307 2299 Α
1262 2480 1296 2502 5
1275 2534 1306 2575 at
1276 2607 1312 2669 F:
1277 2701 1313 2753 ha
1278 2783 1315 2854 A:
1278 2886 1314 2937 ah
1277 2978 1315 3028 V:
1277 3060 1315 3112 ha

1207 1460 1242 1502 1⁴12
1206 1524 1242 1575 ah
1207 1602 1240 1811 mutatum
1210 1839 1248 2085 Cuiacz'amts
1214 2195 1251 2229 si
1204 2255 1240 2312 g:
1206 2343 1254 2437 quid
1218 2460 1255 2499 A
1220 2530 1259 2774 Czciacianus
1222 2795 1261 2934 Plant.
1224 3086 1259 3117 6

1151 1462 1187 1573 lento
1151 1608 1188 1649 F
1153 1667 1193 1940 Czu'czcianus:
1157 1974 1195 2056 leto
1159 2086 1198 2126 A
1159 2152 1199 2395 Cm'acz'anus
1151 2418 1189 2547 marg.
