5010 3336
867 1670 934 1980 [TIBVLLI
868 1502 913 1629 LIB.
867 1360 912 1457 ΙΙΙ.
861 1192 926 1318 VII]

1012 2737 1059 2850 hinc
1010 2476 1074 2697 placidus
1008 2294 1056 2436 nobis
1023 2173 1069 2257 per
1014 1914 1066 2135 tempora
1002 1675 1050 1877 uertitur
1017 1451 1047 1639 annus:

1093 2738 1139 2852 hinc
1102 2653 1139 2699 et
1092 2489 1138 2615 colla
1089 2340 1150 2453 iugo
1085 2131 1134 2302 didicit
1084 1806 1132 2094 submittere
1092 1604 1129 1769 taurus
1098 1185 1137 1259 170

1183 2806 1220 2851 et
1174 2637 1219 2766 lenta
1171 2382 1218 2599 excelsos
1167 2233 1215 2345 uitis
1167 1860 1213 2193 conscendere
1179 1648 1219 1823 ramos,

1254 2520 1313 2851 tondeturque
1266 2346 1311 2481 seges
1257 2092 1294 2307 maturos
1262 1890 1292 2054 annua
1254 1674 1305 1853 partus,

1344 2807 1381 2853 et
1334 2646 1380 2769 ferro
1333 2452 1389 2607 tellus,
1339 2231 1391 2411 pontus
1326 1876 1375 2192 confunditur
1342 1718 1381 1840 aere,

1413 2733 1475 2851 quin
1412 2548 1460 2694 etiam
1410 2316 1458 2508 structis
1417 2014 1470 2276 exsurgunt
1406 1793 1468 1977 oppida
1404 1594 1451 1755 muris.

1494 3092 1517 3098 ’
1511 2740 1556 2853 ergo
1493 2618 1541 2701 ubi
1494 2306 1555 2579 praeclaros
1499 2063 1552 2269 poscent
1498 1943 1534 2025 tua
1489 1780 1533 1906 facta
1485 1456 1547 1743 triumphos,
1503 1246 1528 1257 1

1578 2722 1622 2853 solus
1583 2474 1635 2682 utroque
1572 2306 1619 2436 idem
1570 2093 1618 2266 diceris
1584 1849 1630 2053 magnus
1567 1762 1613 1810 in
1567 1592 1613 1723 orbe.

1672 2685 1703 2785 non
1671 2556 1716 2646 ego
1670 2410 1701 2517 sum
1652 2258 1699 2371 satis
1652 2157 1697 2220 ad
1658 1956 1696 2119 tantae
1647 1658 1710 1918 praeconia
1645 1450 1703 1621 laudis,

1499 1212 1540 1231 Ι,

1738 2750 1799 2853 ipse
1736 2592 1783 2711 mihi
1752 2454 1782 2554 non
1734 2377 1781 2415 si
1731 2044 1795 2339 praescribat
1728 1790 1777 2006 carmina
1728 1507 1774 1751 Phoebus.

1828 2780 1865 2851 est
1816 2639 1875 2741 tibi,
1815 2514 1878 2598 qui
1813 2323 1877 2476 possit
1811 2097 1874 2285 magnis
1827 2008 1857 2058 se
1808 1718 1870 1972 accingere
1809 1521 1865 1679 rebus,

1898 2618 1961 2851 Valgius:
1906 2370 1944 2570 aeterno
1894 2134 1957 2332 propior
1909 1996 1939 2097 non
1892 1838 1938 1959 alter
1892 1559 1937 1798 Homero.
1895 1180 1932 1252 180

1979 2620 2041 2853 languida
1994 2482 2025 2583 non
1984 2278 2023 2443 noster
1973 2058 2037 2241 peragit
1972 1882 2019 2021 labor
1970 1734 2029 1845 otia,
1968 1464 2031 1692 quamuis

2064 2619 2119 2849 Fortuna,
2068 2526 2107 2579 ut
2074 2380 2106 2488 mos
2066 2270 2105 2342 est
2055 2152 2113 2233 illi,
2072 2031 2102 2109 me
2055 1786 2101 1994 aduersa
2051 1568 2112 1749 fatiget.

2158 2736 2189 2851 nam
2140 2564 2199 2697 mihi,
2156 2409 2187 2524 cum
2136 2182 2199 2371 magnis
2135 1966 2197 2143 opibus
2135 1749 2181 1927 domus
2134 1615 2179 1711 alta
2130 1390 2187 1577 niteret,

2222 2774 2269 2851 cui
2223 2544 2269 2734 fuerant
2220 2392 2268 2507 flaui
2218 2142 2267 2354 ditantes
2216 1933 2263 2105 ordine
2213 1773 2262 1894 sulci

2304 2680 2350 2852 horrea
2302 2407 2349 2644 fecundas
2302 2307 2347 2370 ad
2296 1990 2346 2270 deficientia
2294 1768 2353 1953 messis,
2301 1183 2351 1256 185

2447 3098 2451 3100 Α
2383 2675 2445 2853 cuique
2399 2487 2444 2637 pecus
2383 2293 2429 2449 denso
2379 1988 2441 2255 pascebant
2376 1757 2438 1951 agmine
2376 1552 2433 1720 001105,

2476 3220 2513 3251 νῆ.-
2454 3098 2491 3100 3
2473 2806 2511 2853 et
2463 2562 2511 2768 domino
2462 2410 2510 2524 satis
2470 2325 2509 2371 et
2458 2082 2507 2287 nimium
2457 1852 2519 2043 furique
2458 1584 2517 1815 lupoque,

2560 2721 2591 2853 nunc
2541 2384 2591 2684 desiderium
2549 2098 2601 2347 superest:
2555 1936 2585 2049 nam
2554 1782 2583 1897 cura
2545 1523 2592 1746 moriatur,

2641 2740 2671 2853 cum
2639 2512 2670 2701 memor
2631 2363 2669 2477 ante
2630 2192 2668 2327 actos
2635 1962 2680 2153 semper
2619 1783 2665 1924 dolor
2618 1511 2663 1748 admonet
2632 1304 2663 1475 annos.

2705 2766 2751 2853 sed
2703 2615 2751 2727 licet
2702 2333 2764 2579 asperiora
2702 2118 2748 2298 cadant
2698 1803 2760 2080 spolierque
2696 1574 2754 1766 relictis,
2716 1183 2755 1256 190

2801 2753 2831 2851 non
2794 2667 2831 2713 te
2783 2397 2831 2629 deficient
2791 2165 2829 2359 nostrae
2796 1855 2827 2125 memorare
2794 1570 2825 1817 camenae.

2886 3224 2937 3255 με
2879 3102 2930 3104 j
2882 2762 2913 2853 nec
2867 2565 2912 2724 solum
2864 2438 2911 2525 tibi
2862 2256 2910 2398 Pierii
2861 1944 2908 2217 tribuentur
2861 1663 2906 1909 honores:

2962 2766 3008 2853 pro
2956 2682 2993 2726 te
2947 2566 2992 2643 uel
2944 2334 3007 2527 rapidas
2942 2140 2991 2297 ausim
2940 1958 2987 2101 maris
2939 1854 2986 1919 ire
2956 1731 3002 1816 per
2940 1523 2998 1695 undas,

3026 2635 3074 2853 aduersis
3026 2392 3073 2597 hiberna
3024 2243 3071 2356 licet
3030 1984 3069 2206 tumeant
3022 1826 3067 1946 freta
3020 1614 3078 1789 uentis,

3122 2765 3169 2851 pro
3115 2680 3154 2727 te
3107 2564 3153 2643 uel
3104 2361 3153 2526 densis
3106 2190 3151 2323 solus
3101 1888 3150 2151 subsistere
3099 1681 3148 1850 turmis
3122 1186 3161 1257 ¹9³

3237 2716 3284 2792 169
3234 2510 3272 2685 uertitur
3234 2156 3273 2485 VCzeiacz'anus:
3232 1969 3269 2124 labitur
3231 1781 3267 1948 Flam:
3243 1668 3269 1750 om.
3231 1603 3266 1645 A
3243 1464 3269 1577 man.
3244 1416 3267 1430 1
3244 1183 3278 1256 170

3308 3106 3322 3108 i
3290 2755 3327 2850 hinc
3289 2680 3327 2735 V:
3290 2557 3327 2651 huic
3290 2499 3326 2539 A
3302 2318 3337 2388 171
3288 2204 3326 2285 leta
3287 2144 3323 2181 V
3298 1977 3333 2050 173
3284 1648 3334 1946 confinditurzp
3285 1471 3323 1631 Planl.:
3284 1184 3323 1440 scribendum

3344 2687 3381 2851 m'delur
3350 2459 3392 2670 neptunus
3344 2265 3381 2436 finditur
3352 2060 3387 2133 174
3345 1792 3385 2027 exsurgunt
3342 1719 3387 1771 xp:
3340 1472 3387 1684 exurgitat
3339 1394 3375 1434 Α
3352 1186 3387 1258 175

3411 2772 3447 2850 per
3398 2616 3436 2751 claros
3398 2458 3435 2585 ierint
3396 2244 3447 2428 Scaliger
3400 1856 3441 2033 poscent
3393 1786 3429 1826 A
3407 1754 3429 1759 :
3392 1598 3430 1720 ierint
3394 1509 3431 1568 F:
3393 1388 3441 1488 sort.
3403 1185 3430 1362 noscent

3453 2784 3491 2850 uel
3452 2590 3490 2766 scierint
3453 2304 3499 2378 184
3449 2107 3497 2273 ordine]
3448 1931 3484 2084 horrea
3447 1703 3484 1903 Heinsius
3449 1417 3493 1490 185
3448 1185 3485 1385 secundas

3507 2799 3544 2850 ad
3507 2739 3543 2775 d.
3506 2642 3543 2702 F:
3506 2419 3543 2611 fecundis
3504 2113 3543 2397 indeficientia
3502 2044 3538 2084 A
3502 1798 3538 1949 messis
3500 1572 3550 1776 Scaliger:
3514 1380 3538 1539 messes
3502 1307 3537 1347 F
3502 1187 3541 1289 (uid.

3561 2716 3607 2851 Praqs,
3567 2655 3609 2694 j).
3560 2572 3596 2631 vii
3574 2542 3597 2549 :
3560 2353 3597 2508 mensis
3560 2293 3596 2332 Α
3556 1988 3602 2062 189
3560 1738 3591 1957 anteactos
3555 1656 3592 1715 F:
3557 1468 3592 1624 accitus
3556 1407 3591 1445 A
3570 1373 3591 1379 ;
3546 1185 3591 1340 accitos

3613 2540 3651 2842 VCuz'acianus
3625 2196 3659 2271 190
3611 2009 3648 2165 relictis
3622 1948 3657 1982 g
3608 1679 3647 1926 Cm'aczmms
3609 1522 3647 1658 Plant.
3624 1486 3647 1493 :
3609 1288 3646 1454 relictus
3609 1217 3645 1255 A
3624 1184 3645 1191 :

3680 2768 3717 2842 193
3668 2648 3704 2737 ausi
3668 2577 3704 2617 F
3678 2343 3715 2415 195
3665 2083 3704 2311 subsistere
3662 1966 3701 2052 AF

3733 2582 3759 2793 TIBVLLVS
3719 1295 3755 1318 5
