<?xml version="1.0" encoding="UTF-8"?>
<!DOCTYPE html PUBLIC "-//W3C//DTD XHTML 1.0 Transitional//EN"
    "http://www.w3.org/TR/xhtml1/DTD/xhtml1-transitional.dtd">
<html xmlns="http://www.w3.org/1999/xhtml" xml:lang="en" lang="en">
 <head>
  <title>
</title>
<meta http-equiv="Content-Type" content="text/html;charset=utf-8" />
  <meta name='ocr-system' content='tesseract 3.04.00' />
  <meta name='ocr-capabilities' content='ocr_page ocr_carea ocr_par ocr_line ocrx_word'/>
</head>
<body>
  <div class='ocr_page' id='page_1' title='image "./tibullialiorumqu00tibuuoft_raw_0027.png"; bbox 0 0 5010 3336; ppageno 0'>
   <div class='ocr_carea' id='block_1_1' title="bbox 911 3086 1459 3093">
    <p class='ocr_par' dir='ltr' id='par_1_1' title="bbox 911 3086 1459 3093">
     <span class='ocr_line' id='line_1_1' title="bbox 911 3086 1459 3093; textangle 90"><span class='ocrx_word' id='word_1_1' title='bbox 911 3086 1459 3093; x_wconf 95' lang='lat' dir='ltr'> </span> 
     </span>
    </p>
   </div>
   <div class='ocr_carea' id='block_1_2' title="bbox 0 0 1030 3332">
    <p class='ocr_par' dir='ltr' id='par_1_2' title="bbox 0 0 1030 3332">
     <span class='ocr_line' id='line_1_2' title="bbox 0 0 1030 3332; textangle 90"><span class='ocrx_word' id='word_1_2' title='bbox 0 0 1030 3332; x_wconf 95' lang='lat' dir='ltr'> </span> 
     </span>
    </p>
   </div>
   <div class='ocr_carea' id='block_1_3' title="bbox 958 1154 1005 1486">
    <p class='ocr_par' dir='ltr' id='par_1_3' title="bbox 958 1154 1005 1486">
     <span class='ocr_line' id='line_1_3' title="bbox 958 1154 1005 1486; textangle 90"><span class='ocrx_word' id='word_1_3' title='bbox 958 1359 1002 1486; x_wconf 87' lang='lat' dir='ltr'>LIB.</span> <span class='ocrx_word' id='word_1_4' title='bbox 958 1278 1003 1315; x_wconf 89' lang='grc' dir='ltr'>Ι.</span> <span class='ocrx_word' id='word_1_5' title='bbox 959 1154 1005 1233; x_wconf 88' lang='lat' dir='ltr'>III</span> 
     </span>
    </p>
   </div>
   <div class='ocr_carea' id='block_1_4' title="bbox 1098 1156 3505 2837">
    <p class='ocr_par' dir='ltr' id='par_1_4' title="bbox 1098 1156 3505 2837">
     <span class='ocr_line' id='line_1_4' title="bbox 1098 1518 1162 2814; textangle 90"><span class='ocrx_word' id='word_1_6' title='bbox 1102 2594 1150 2814; x_wconf 88' lang='lat' dir='ltr'>nondum</span> <span class='ocrx_word' id='word_1_7' title='bbox 1102 2310 1149 2554; x_wconf 84' lang='lat' dir='ltr'>caeruleas</span> <span class='ocrx_word' id='word_1_8' title='bbox 1098 2128 1162 2272; x_wconf 81' lang='lat' dir='ltr'>pinus</span> <span class='ocrx_word' id='word_1_9' title='bbox 1107 1726 1161 2090; x_wconf 79' lang='lat' dir='ltr'>contempserat</span> <span class='ocrx_word' id='word_1_10' title='bbox 1099 1518 1156 1689; x_wconf 89' lang='lat' dir='ltr'>undas,</span> 
     </span>
     <span class='ocr_line' id='line_1_5' title="bbox 1179 1701 1243 2750; textangle 90"><span class='ocrx_word' id='word_1_11' title='bbox 1183 2542 1230 2750; x_wconf 79' lang='lat' dir='ltr'>effusum</span> <span class='ocrx_word' id='word_1_12' title='bbox 1181 2344 1229 2503; x_wconf 89' lang='lat' dir='ltr'>uentis</span> <span class='ocrx_word' id='word_1_13' title='bbox 1182 1915 1243 2305; x_wconf 74' lang='lat' dir='ltr'>praebueratque</span> <span class='ocrx_word' id='word_1_14' title='bbox 1179 1701 1238 1877; x_wconf 85' lang='lat' dir='ltr'>sinum,</span> 
     </span>
     <span class='ocr_line' id='line_1_6' title="bbox 1259 1550 1325 2816; textangle 90"><span class='ocrx_word' id='word_1_15' title='bbox 1280 2727 1311 2816; x_wconf 88' lang='lat' dir='ltr'>nec</span> <span class='ocrx_word' id='word_1_16' title='bbox 1280 2539 1325 2690; x_wconf 83' lang='lat' dir='ltr'>uagus</span> <span class='ocrx_word' id='word_1_17' title='bbox 1261 2324 1324 2501; x_wconf 83' lang='lat' dir='ltr'>ignotis</span> <span class='ocrx_word' id='word_1_18' title='bbox 1271 2059 1323 2285; x_wconf 89' lang='lat' dir='ltr'>repetens</span> <span class='ocrx_word' id='word_1_19' title='bbox 1259 1724 1322 2022; x_wconf 85' lang='lat' dir='ltr'>compendia</span> <span class='ocrx_word' id='word_1_20' title='bbox 1259 1550 1307 1687; x_wconf 85' lang='lat' dir='ltr'>terris</span> 
     </span>
     <span class='ocr_line' id='line_1_7' title="bbox 1342 1156 1406 2751; textangle 90"><span class='ocrx_word' id='word_1_21' title='bbox 1352 2515 1406 2751; x_wconf 75' lang='lat' dir='ltr'>presserat</span> <span class='ocrx_word' id='word_1_22' title='bbox 1352 2280 1391 2478; x_wconf 84' lang='lat' dir='ltr'>externa</span> <span class='ocrx_word' id='word_1_23' title='bbox 1342 2077 1389 2243; x_wconf 88' lang='lat' dir='ltr'>nauita</span> <span class='ocrx_word' id='word_1_24' title='bbox 1358 1878 1389 2040; x_wconf 91' lang='lat' dir='ltr'>merce</span> <span class='ocrx_word' id='word_1_25' title='bbox 1350 1674 1389 1841; x_wconf 86' lang='lat' dir='ltr'>ratem.</span> <span class='ocrx_word' id='word_1_26' title='bbox 1360 1156 1398 1208; x_wconf 82' lang='lat'>40</span> 
     </span>
     <span class='ocr_line' id='line_1_8' title="bbox 1422 1565 1485 2819; textangle 90"><span class='ocrx_word' id='word_1_27' title='bbox 1426 2738 1472 2819; x_wconf 92' lang='lat' dir='ltr'>illo</span> <span class='ocrx_word' id='word_1_28' title='bbox 1442 2602 1473 2701; x_wconf 89' lang='lat' dir='ltr'>non</span> <span class='ocrx_word' id='word_1_29' title='bbox 1424 2372 1471 2563; x_wconf 84' lang='lat' dir='ltr'>ualidus</span> <span class='ocrx_word' id='word_1_30' title='bbox 1423 2186 1471 2333; x_wconf 87' lang='lat' dir='ltr'>subiit</span> <span class='ocrx_word' id='word_1_31' title='bbox 1422 2037 1485 2149; x_wconf 82' lang='lat' dir='ltr'>iuga</span> <span class='ocrx_word' id='word_1_32' title='bbox 1432 1780 1484 2001; x_wconf 90' lang='lat' dir='ltr'>tempore</span> <span class='ocrx_word' id='word_1_33' title='bbox 1431 1565 1481 1743; x_wconf 87' lang='lat' dir='ltr'>taurus,</span> 
     </span>
     <span class='ocr_line' id='line_1_9' title="bbox 1503 1592 1565 2753; textangle 90"><span class='ocrx_word' id='word_1_34' title='bbox 1523 2654 1553 2753; x_wconf 90' lang='lat' dir='ltr'>non</span> <span class='ocrx_word' id='word_1_35' title='bbox 1505 2425 1553 2616; x_wconf 86' lang='lat' dir='ltr'>domito</span> <span class='ocrx_word' id='word_1_36' title='bbox 1506 2225 1552 2387; x_wconf 91' lang='lat' dir='ltr'>frenos</span> <span class='ocrx_word' id='word_1_37' title='bbox 1521 2104 1552 2187; x_wconf 89' lang='lat' dir='ltr'>ore</span> <span class='ocrx_word' id='word_1_38' title='bbox 1503 1799 1551 2066; x_wconf 86' lang='lat' dir='ltr'>momordit</span> <span class='ocrx_word' id='word_1_39' title='bbox 1520 1592 1565 1762; x_wconf 87' lang='lat' dir='ltr'>equus,</span> 
     </span>
     <span class='ocr_line' id='line_1_10' title="bbox 1584 1427 1647 2821; textangle 90"><span class='ocrx_word' id='word_1_40' title='bbox 1604 2722 1635 2821; x_wconf 90' lang='lat' dir='ltr'>non</span> <span class='ocrx_word' id='word_1_41' title='bbox 1589 2505 1635 2683; x_wconf 87' lang='lat' dir='ltr'>domus</span> <span class='ocrx_word' id='word_1_42' title='bbox 1589 2369 1634 2466; x_wconf 89' lang='lat' dir='ltr'>ulla</span> <span class='ocrx_word' id='word_1_43' title='bbox 1588 2204 1635 2330; x_wconf 87' lang='lat' dir='ltr'>fores</span> <span class='ocrx_word' id='word_1_44' title='bbox 1586 1978 1644 2165; x_wconf 84' lang='lat' dir='ltr'>habuit,</span> <span class='ocrx_word' id='word_1_45' title='bbox 1603 1836 1633 1937; x_wconf 89' lang='lat' dir='ltr'>non</span> <span class='ocrx_word' id='word_1_46' title='bbox 1586 1676 1632 1797; x_wconf 80' lang='lat' dir='ltr'>fixus</span> <span class='ocrx_word' id='word_1_47' title='bbox 1585 1589 1632 1637; x_wconf 92' lang='lat' dir='ltr'>in</span> <span class='ocrx_word' id='word_1_48' title='bbox 1584 1427 1647 1551; x_wconf 81' lang='lat' dir='ltr'>agris</span> 
     </span>
     <span class='ocr_line' id='line_1_11' title="bbox 1666 1708 1731 2754; textangle 90"><span class='ocrx_word' id='word_1_49' title='bbox 1668 2672 1731 2754; x_wconf 81' lang='lat' dir='ltr'>qui</span> <span class='ocrx_word' id='word_1_50' title='bbox 1678 2450 1730 2633; x_wconf 86' lang='lat' dir='ltr'>regeret</span> <span class='ocrx_word' id='word_1_51' title='bbox 1668 2269 1716 2411; x_wconf 89' lang='lat' dir='ltr'>certis</span> <span class='ocrx_word' id='word_1_52' title='bbox 1667 2050 1715 2230; x_wconf 76' lang='lat' dir='ltr'>finibus</span> <span class='ocrx_word' id='word_1_53' title='bbox 1684 1883 1725 2013; x_wconf 84' lang='lat' dir='ltr'>arua,</span> <span class='ocrx_word' id='word_1_54' title='bbox 1666 1708 1728 1843; x_wconf 86' lang='lat' dir='ltr'>lapis.</span> 
     </span>
     <span class='ocr_line' id='line_1_12' title="bbox 1748 1158 1810 2821; textangle 90"><span class='ocrx_word' id='word_1_55' title='bbox 1748 2689 1810 2821; x_wconf 82' lang='lat' dir='ltr'>ipsae</span> <span class='ocrx_word' id='word_1_56' title='bbox 1750 2508 1797 2652; x_wconf 89' lang='lat' dir='ltr'>mella</span> <span class='ocrx_word' id='word_1_57' title='bbox 1749 2285 1796 2470; x_wconf 86' lang='lat' dir='ltr'>dabant</span> <span class='ocrx_word' id='word_1_58' title='bbox 1764 2026 1809 2247; x_wconf 77' lang='lat' dir='ltr'>querCUS‚</span> <span class='ocrx_word' id='word_1_59' title='bbox 1748 1757 1809 1983; x_wconf 85' lang='lat' dir='ltr'>ultroque</span> <span class='ocrx_word' id='word_1_60' title='bbox 1748 1496 1794 1718; x_wconf 86' lang='lat' dir='ltr'>ferebant</span> <span class='ocrx_word' id='word_1_61' title='bbox 1768 1189 1806 1207; x_wconf 77' lang='lat'><strong>4</strong></span> <span class='ocrx_word' id='word_1_62' title='bbox 1766 1158 1806 1177; x_wconf 84' lang='lat'>5</span> 
     </span>
     <span class='ocr_line' id='line_1_13' title="bbox 1828 1856 1878 2756; textangle 90"><span class='ocrx_word' id='word_1_63' title='bbox 1830 2608 1878 2756; x_wconf 84' lang='lat' dir='ltr'>obuia</span> <span class='ocrx_word' id='word_1_64' title='bbox 1829 2390 1878 2570; x_wconf 85' lang='lat' dir='ltr'>securis</span> <span class='ocrx_word' id='word_1_65' title='bbox 1830 2200 1877 2352; x_wconf 88' lang='lat' dir='ltr'>ubera</span> <span class='ocrx_word' id='word_1_66' title='bbox 1828 2027 1876 2164; x_wconf 84' lang='lat' dir='ltr'>lactis</span> <span class='ocrx_word' id='word_1_67' title='bbox 1845 1856 1876 1989; x_wconf 91' lang='lat' dir='ltr'>oues.</span> 
     </span>
     <span class='ocr_line' id='line_1_14' title="bbox 1909 1498 1969 2822; textangle 90"><span class='ocrx_word' id='word_1_68' title='bbox 1927 2725 1957 2822; x_wconf 92' lang='lat' dir='ltr'>non</span> <span class='ocrx_word' id='word_1_69' title='bbox 1910 2544 1969 2687; x_wconf 85' lang='lat' dir='ltr'>acies,</span> <span class='ocrx_word' id='word_1_70' title='bbox 1926 2402 1958 2503; x_wconf 89' lang='lat' dir='ltr'>non</span> <span class='ocrx_word' id='word_1_71' title='bbox 1909 2297 1957 2364; x_wconf 84' lang='lat' dir='ltr'>ira</span> <span class='ocrx_word' id='word_1_72' title='bbox 1909 2158 1968 2260; x_wconf 83' lang='lat' dir='ltr'>fuit,</span> <span class='ocrx_word' id='word_1_73' title='bbox 1925 2016 1957 2117; x_wconf 91' lang='lat' dir='ltr'>non</span> <span class='ocrx_word' id='word_1_74' title='bbox 1909 1837 1967 1977; x_wconf 85' lang='lat' dir='ltr'>bella,</span> <span class='ocrx_word' id='word_1_75' title='bbox 1926 1704 1957 1795; x_wconf 90' lang='lat' dir='ltr'>nec</span> <span class='ocrx_word' id='word_1_76' title='bbox 1925 1498 1957 1666; x_wconf 87' lang='lat' dir='ltr'>ensem</span> 
     </span>
     <span class='ocr_line' id='line_1_15' title="bbox 1990 1806 2039 2757; textangle 90"><span class='ocrx_word' id='word_1_77' title='bbox 1990 2582 2038 2757; x_wconf 89' lang='lat' dir='ltr'>immiti</span> <span class='ocrx_word' id='word_1_78' title='bbox 2008 2369 2039 2543; x_wconf 86' lang='lat' dir='ltr'>saeuus</span> <span class='ocrx_word' id='word_1_79' title='bbox 1992 2128 2038 2331; x_wconf 84' lang='lat' dir='ltr'>duxerat</span> <span class='ocrx_word' id='word_1_80' title='bbox 1999 1990 2037 2091; x_wconf 90' lang='lat' dir='ltr'>arte</span> <span class='ocrx_word' id='word_1_81' title='bbox 1990 1806 2037 1953; x_wconf 86' lang='lat' dir='ltr'>faber.</span> 
     </span>
     <span class='ocr_line' id='line_1_16' title="bbox 2072 1372 2134 2824; textangle 90"><span class='ocrx_word' id='word_1_82' title='bbox 2090 2694 2121 2824; x_wconf 89' lang='lat' dir='ltr'>nunc</span> <span class='ocrx_word' id='word_1_83' title='bbox 2075 2533 2122 2655; x_wconf 87' lang='lat' dir='ltr'>Ioue</span> <span class='ocrx_word' id='word_1_84' title='bbox 2074 2404 2121 2495; x_wconf 88' lang='lat' dir='ltr'>sub</span> <span class='ocrx_word' id='word_1_85' title='bbox 2072 2159 2121 2366; x_wconf 90' lang='lat' dir='ltr'>domino</span> <span class='ocrx_word' id='word_1_86' title='bbox 2073 1946 2119 2121; x_wconf 86' lang='lat' dir='ltr'>caedes</span> <span class='ocrx_word' id='word_1_87' title='bbox 2081 1860 2119 1907; x_wconf 90' lang='lat' dir='ltr'>et</span> <span class='ocrx_word' id='word_1_88' title='bbox 2073 1618 2118 1822; x_wconf 90' lang='lat' dir='ltr'>uulnera</span> <span class='ocrx_word' id='word_1_89' title='bbox 2088 1372 2134 1581; x_wconf 85' lang='lat' dir='ltr'>semper,</span> 
     </span>
     <span class='ocr_line' id='line_1_17' title="bbox 2152 1160 2215 2759; textangle 90"><span class='ocrx_word' id='word_1_90' title='bbox 2172 2629 2203 2759; x_wconf 90' lang='lat' dir='ltr'>nunc</span> <span class='ocrx_word' id='word_1_91' title='bbox 2171 2446 2213 2589; x_wconf 89' lang='lat' dir='ltr'>mare,</span> <span class='ocrx_word' id='word_1_92' title='bbox 2171 2274 2202 2405; x_wconf 90' lang='lat' dir='ltr'>nunc</span> <span class='ocrx_word' id='word_1_93' title='bbox 2152 2153 2201 2236; x_wconf 89' lang='lat' dir='ltr'>leti</span> <span class='ocrx_word' id='word_1_94' title='bbox 2152 1983 2200 2115; x_wconf 93' lang='lat' dir='ltr'>mille</span> <span class='ocrx_word' id='word_1_95' title='bbox 2162 1746 2215 1946; x_wconf 85' lang='lat' dir='ltr'>repente</span> <span class='ocrx_word' id='word_1_96' title='bbox 2152 1586 2200 1708; x_wconf 88' lang='lat' dir='ltr'>uiae.</span> <span class='ocrx_word' id='word_1_97' title='bbox 2170 1160 2210 1208; x_wconf 85' lang='lat'>50</span> 
     </span>
     <span class='ocr_line' id='line_1_18' title="bbox 2234 1454 2300 2825; textangle 90"><span class='ocrx_word' id='word_1_98' title='bbox 2254 2671 2300 2825; x_wconf 82' lang='lat' dir='ltr'>parce,</span> <span class='ocrx_word' id='word_1_99' title='bbox 2247 2494 2300 2641; x_wconf 80' lang='lat' dir='ltr'>pater.</span> <span class='ocrx_word' id='word_1_100' title='bbox 2236 2189 2285 2417; x_wconf 88' lang='lat' dir='ltr'>timidum</span> <span class='ocrx_word' id='word_1_101' title='bbox 2252 2048 2283 2149; x_wconf 90' lang='lat' dir='ltr'>non</span> <span class='ocrx_word' id='word_1_102' title='bbox 2251 1932 2283 2010; x_wconf 92' lang='lat' dir='ltr'>me</span> <span class='ocrx_word' id='word_1_103' title='bbox 2234 1685 2297 1893; x_wconf 84' lang='lat' dir='ltr'>periuria</span> <span class='ocrx_word' id='word_1_104' title='bbox 2243 1454 2294 1647; x_wconf 87' lang='lat' dir='ltr'>terrent,</span> 
     </span>
     <span class='ocr_line' id='line_1_19' title="bbox 2315 1620 2378 2759; textangle 90"><span class='ocrx_word' id='word_1_105' title='bbox 2336 2661 2366 2759; x_wconf 91' lang='lat' dir='ltr'>non</span> <span class='ocrx_word' id='word_1_106' title='bbox 2318 2490 2366 2622; x_wconf 86' lang='lat' dir='ltr'>dicta</span> <span class='ocrx_word' id='word_1_107' title='bbox 2318 2404 2365 2453; x_wconf 88' lang='lat' dir='ltr'>in</span> <span class='ocrx_word' id='word_1_108' title='bbox 2327 2168 2365 2365; x_wconf 89' lang='lat' dir='ltr'>sanctos</span> <span class='ocrx_word' id='word_1_109' title='bbox 2315 1979 2378 2130; x_wconf 89' lang='lat' dir='ltr'>impia</span> <span class='ocrx_word' id='word_1_110' title='bbox 2316 1792 2363 1943; x_wconf 88' lang='lat' dir='ltr'>uerba</span> <span class='ocrx_word' id='word_1_111' title='bbox 2317 1620 2363 1754; x_wconf 85' lang='lat' dir='ltr'>deos.</span> 
     </span>
     <span class='ocr_line' id='line_1_20' title="bbox 2396 1551 2461 2827; textangle 90"><span class='ocrx_word' id='word_1_112' title='bbox 2402 2693 2461 2827; x_wconf 75' lang='lat' dir='ltr'>quod</span> <span class='ocrx_word' id='word_1_113' title='bbox 2399 2616 2447 2654; x_wconf 90' lang='lat' dir='ltr'>si</span> <span class='ocrx_word' id='word_1_114' title='bbox 2401 2410 2447 2578; x_wconf 82' lang='lat' dir='ltr'>fatales</span> <span class='ocrx_word' id='word_1_115' title='bbox 2398 2275 2445 2371; x_wconf 87' lang='lat' dir='ltr'>iam</span> <span class='ocrx_word' id='word_1_116' title='bbox 2415 2103 2445 2235; x_wconf 87' lang='lat' dir='ltr'>nunc</span> <span class='ocrx_word' id='word_1_117' title='bbox 2396 1759 2459 2065; x_wconf 82' lang='lat' dir='ltr'>expleuimus</span> <span class='ocrx_word' id='word_1_118' title='bbox 2413 1551 2454 1722; x_wconf 88' lang='lat' dir='ltr'>annos,</span> 
     </span>
     <span class='ocr_line' id='line_1_21' title="bbox 2476 1592 2543 2760; textangle 90"><span class='ocrx_word' id='word_1_119' title='bbox 2482 2687 2528 2760; x_wconf 84' lang='lat' dir='ltr'>fac</span> <span class='ocrx_word' id='word_1_120' title='bbox 2479 2529 2543 2649; x_wconf 86' lang='lat' dir='ltr'>lapis</span> <span class='ocrx_word' id='word_1_121' title='bbox 2479 2248 2542 2490; x_wconf 85' lang='lat' dir='ltr'>inscriptis</span> <span class='ocrx_word' id='word_1_122' title='bbox 2488 2116 2527 2209; x_wconf 87' lang='lat' dir='ltr'>stet</span> <span class='ocrx_word' id='word_1_123' title='bbox 2494 1934 2540 2079; x_wconf 86' lang='lat' dir='ltr'>super</span> <span class='ocrx_word' id='word_1_124' title='bbox 2494 1787 2524 1898; x_wconf 83' lang='lat' dir='ltr'>ossa</span> <span class='ocrx_word' id='word_1_125' title='bbox 2476 1592 2525 1751; x_wconf 91' lang='lat' dir='ltr'>notis:</span> 
     </span>
     <span class='ocr_line' id='line_1_22' title="bbox 2564 1166 2616 2825; textangle 90"><span class='ocrx_word' id='word_1_126' title='bbox 2568 2727 2606 2825; x_wconf 83' lang='lat' dir='ltr'>HIC</span> <span class='ocrx_word' id='word_1_127' title='bbox 2567 2523 2605 2692; x_wconf 83' lang='lat' dir='ltr'>IACET</span> <span class='ocrx_word' id='word_1_128' title='bbox 2567 2299 2605 2489; x_wconf 85' lang='lat' dir='ltr'>1MM1T1</span> <span class='ocrx_word' id='word_1_129' title='bbox 2564 1872 2605 2264; x_wconf 83' lang='lat' dir='ltr'>CONSVMPTVS</span> <span class='ocrx_word' id='word_1_130' title='bbox 2564 1634 2602 1839; x_wconf 84' lang='lat' dir='ltr'><strong>MORTE</strong></span> <span class='ocrx_word' id='word_1_131' title='bbox 2564 1302 2615 1603; x_wconf 82' lang='lat' dir='ltr'>TIBVLLVS,</span> <span class='ocrx_word' id='word_1_132' title='bbox 2577 1166 2616 1213; x_wconf 78' lang='lat'>55</span> 
     </span>
     <span class='ocr_line' id='line_1_23' title="bbox 2639 1368 2689 2761; textangle 90"><span class='ocrx_word' id='word_1_133' title='bbox 2642 2409 2682 2761; x_wconf 81' lang='lat' dir='ltr'>MESSALLAM</span> <span class='ocrx_word' id='word_1_134' title='bbox 2642 2172 2680 2375; x_wconf 81' lang='lat' dir='ltr'><strong>TERRA</strong></span> <span class='ocrx_word' id='word_1_135' title='bbox 2641 2016 2679 2137; x_wconf 90' lang='lat' dir='ltr'>DVM</span> <span class='ocrx_word' id='word_1_136' title='bbox 2639 1568 2689 1981; x_wconf 81' lang='lat' dir='ltr'>SEQVITVRQVE</span> <span class='ocrx_word' id='word_1_137' title='bbox 2640 1368 2679 1535; x_wconf 80' lang='lat' dir='ltr'><strong>MARI.</strong></span> 
     </span>
     <span class='ocr_line' id='line_1_24' title="bbox 2710 1439 2775 2829; textangle 90"><span class='ocrx_word' id='word_1_138' title='bbox 2716 2746 2761 2829; x_wconf 71' lang='lat' dir='ltr'>sed</span> <span class='ocrx_word' id='word_1_139' title='bbox 2730 2615 2771 2705; x_wconf 87' lang='lat' dir='ltr'>me,</span> <span class='ocrx_word' id='word_1_140' title='bbox 2714 2438 2775 2573; x_wconf 84' lang='lat' dir='ltr'>quod</span> <span class='ocrx_word' id='word_1_141' title='bbox 2711 2248 2759 2401; x_wconf 81' lang='lat' dir='ltr'>facilis</span> <span class='ocrx_word' id='word_1_142' title='bbox 2720 2040 2759 2209; x_wconf 91' lang='lat' dir='ltr'>tenero</span> <span class='ocrx_word' id='word_1_143' title='bbox 2727 1894 2757 2002; x_wconf 87' lang='lat' dir='ltr'>sum</span> <span class='ocrx_word' id='word_1_144' title='bbox 2726 1662 2771 1855; x_wconf 89' lang='lat' dir='ltr'>semper</span> <span class='ocrx_word' id='word_1_145' title='bbox 2710 1439 2768 1625; x_wconf 87' lang='lat' dir='ltr'>Amori,</span> 
     </span>
     <span class='ocr_line' id='line_1_25' title="bbox 2789 1695 2856 2763; textangle 90"><span class='ocrx_word' id='word_1_146' title='bbox 2794 2662 2856 2763; x_wconf 88' lang='lat' dir='ltr'>ipsa</span> <span class='ocrx_word' id='word_1_147' title='bbox 2796 2454 2841 2623; x_wconf 88' lang='lat' dir='ltr'>Venus</span> <span class='ocrx_word' id='word_1_148' title='bbox 2809 2213 2855 2415; x_wconf 88' lang='lat' dir='ltr'>campos</span> <span class='ocrx_word' id='word_1_149' title='bbox 2793 2027 2840 2175; x_wconf 86' lang='lat' dir='ltr'>ducet</span> <span class='ocrx_word' id='word_1_150' title='bbox 2791 1941 2838 1990; x_wconf 91' lang='lat' dir='ltr'>in</span> <span class='ocrx_word' id='word_1_151' title='bbox 2789 1695 2852 1900; x_wconf 82' lang='lat' dir='ltr'>Elysios.</span> 
     </span>
     <span class='ocr_line' id='line_1_26' title="bbox 2870 1383 2935 2830; textangle 90"><span class='ocrx_word' id='word_1_152' title='bbox 2874 2754 2922 2830; x_wconf 84' lang='lat' dir='ltr'>liic</span> <span class='ocrx_word' id='word_1_153' title='bbox 2876 2509 2922 2716; x_wconf 88' lang='lat' dir='ltr'>choreae</span> <span class='ocrx_word' id='word_1_154' title='bbox 2882 2199 2935 2472; x_wconf 84' lang='lat' dir='ltr'>cantusque</span> <span class='ocrx_word' id='word_1_155' title='bbox 2872 1977 2934 2160; x_wconf 72' lang='lat' dir='ltr'>uigent,</span> <span class='ocrx_word' id='word_1_156' title='bbox 2870 1657 2934 1939; x_wconf 83' lang='lat' dir='ltr'>passimque</span> <span class='ocrx_word' id='word_1_157' title='bbox 2881 1383 2934 1619; x_wconf 83' lang='lat' dir='ltr'>uagantes</span> 
     </span>
     <span class='ocr_line' id='line_1_27' title="bbox 2954 1167 3016 2767; textangle 90"><span class='ocrx_word' id='word_1_158' title='bbox 2957 2623 3003 2767; x_wconf 84' lang='lat' dir='ltr'>dulce</span> <span class='ocrx_word' id='word_1_159' title='bbox 2964 2406 3003 2584; x_wconf 87' lang='lat' dir='ltr'>sonant</span> <span class='ocrx_word' id='word_1_160' title='bbox 2954 2235 3002 2369; x_wconf 87' lang='lat' dir='ltr'>tenui</span> <span class='ocrx_word' id='word_1_161' title='bbox 2962 2001 3016 2195; x_wconf 82' lang='lat' dir='ltr'>gutture</span> <span class='ocrx_word' id='word_1_162' title='bbox 2969 1766 2999 1964; x_wconf 88' lang='lat' dir='ltr'>carmen</span> <span class='ocrx_word' id='word_1_163' title='bbox 2968 1580 3011 1729; x_wconf 79' lang='lat' dir='ltr'>aues;</span> <span class='ocrx_word' id='word_1_164' title='bbox 2960 1167 3000 1219; x_wconf 72' lang='lat'>60</span> 
     </span>
     <span class='ocr_line' id='line_1_28' title="bbox 3036 1461 3095 2832; textangle 90"><span class='ocrx_word' id='word_1_165' title='bbox 3038 2746 3083 2832; x_wconf 84' lang='lat' dir='ltr'>fert</span> <span class='ocrx_word' id='word_1_166' title='bbox 3036 2529 3083 2709; x_wconf 88' lang='lat' dir='ltr'>casiam</span> <span class='ocrx_word' id='word_1_167' title='bbox 3051 2391 3082 2491; x_wconf 92' lang='lat' dir='ltr'>non</span> <span class='ocrx_word' id='word_1_168' title='bbox 3036 2221 3082 2352; x_wconf 90' lang='lat' dir='ltr'>culta</span> <span class='ocrx_word' id='word_1_169' title='bbox 3050 2031 3095 2182; x_wconf 82' lang='lat' dir='ltr'>seges,</span> <span class='ocrx_word' id='word_1_170' title='bbox 3042 1760 3093 1990; x_wconf 83' lang='lat' dir='ltr'>totosque</span> <span class='ocrx_word' id='word_1_171' title='bbox 3048 1637 3094 1722; x_wconf 91' lang='lat' dir='ltr'>per</span> <span class='ocrx_word' id='word_1_172' title='bbox 3048 1461 3094 1601; x_wconf 78' lang='lat' dir='ltr'>agros</span> 
     </span>
     <span class='ocr_line' id='line_1_29' title="bbox 3113 1775 3177 2766; textangle 90"><span class='ocrx_word' id='word_1_173' title='bbox 3119 2631 3165 2766; x_wconf 87' lang='lat' dir='ltr'>floret</span> <span class='ocrx_word' id='word_1_174' title='bbox 3116 2379 3164 2594; x_wconf 87' lang='lat' dir='ltr'>odoratis</span> <span class='ocrx_word' id='word_1_175' title='bbox 3126 2217 3163 2341; x_wconf 85' lang='lat' dir='ltr'>terra</span> <span class='ocrx_word' id='word_1_176' title='bbox 3115 1967 3177 2180; x_wconf 82' lang='lat' dir='ltr'>benigna</span> <span class='ocrx_word' id='word_1_177' title='bbox 3113 1775 3172 1931; x_wconf 79' lang='lat' dir='ltr'>rosis3</span> 
     </span>
     <span class='ocr_line' id='line_1_30' title="bbox 3194 1642 3257 2837; textangle 90"><span class='ocrx_word' id='word_1_178' title='bbox 3215 2780 3245 2837; x_wconf 86' lang='lat' dir='ltr'>ac</span> <span class='ocrx_word' id='word_1_179' title='bbox 3197 2509 3246 2743; x_wconf 87' lang='lat' dir='ltr'>iuuenum</span> <span class='ocrx_word' id='word_1_180' title='bbox 3197 2325 3245 2470; x_wconf 85' lang='lat' dir='ltr'>series</span> <span class='ocrx_word' id='word_1_181' title='bbox 3196 2108 3244 2286; x_wconf 85' lang='lat' dir='ltr'>teneris</span> <span class='ocrx_word' id='word_1_182' title='bbox 3195 1850 3243 2071; x_wconf 80' lang='lat' dir='ltr'>immixta</span> <span class='ocrx_word' id='word_1_183' title='bbox 3194 1642 3257 1817; x_wconf 84' lang='lat' dir='ltr'>puellis</span> 
     </span>
     <span class='ocr_line' id='line_1_31' title="bbox 3276 1693 3340 2769; textangle 90"><span class='ocrx_word' id='word_1_184' title='bbox 3279 2634 3337 2769; x_wconf 89' lang='lat' dir='ltr'>ludit,</span> <span class='ocrx_word' id='word_1_185' title='bbox 3289 2545 3327 2592; x_wconf 91' lang='lat' dir='ltr'>et</span> <span class='ocrx_word' id='word_1_186' title='bbox 3278 2301 3326 2509; x_wconf 86' lang='lat' dir='ltr'>adsidue</span> <span class='ocrx_word' id='word_1_187' title='bbox 3276 2091 3340 2275; x_wconf 85' lang='lat' dir='ltr'>proelia</span> <span class='ocrx_word' id='word_1_188' title='bbox 3276 1880 3324 2052; x_wconf 90' lang='lat' dir='ltr'>miscet</span> <span class='ocrx_word' id='word_1_189' title='bbox 3293 1693 3324 1843; x_wconf 88' lang='lat' dir='ltr'>amor.</span> 
     </span>
     <span class='ocr_line' id='line_1_32' title="bbox 3356 1174 3422 2837; textangle 90"><span class='ocrx_word' id='word_1_190' title='bbox 3362 2743 3409 2837; x_wconf 90' lang='lat' dir='ltr'>illic</span> <span class='ocrx_word' id='word_1_191' title='bbox 3371 2620 3420 2705; x_wconf 87' lang='lat' dir='ltr'>est,</span> <span class='ocrx_word' id='word_1_192' title='bbox 3360 2285 3422 2580; x_wconf 85' lang='lat' dir='ltr'>cuicumque</span> <span class='ocrx_word' id='word_1_193' title='bbox 3376 2102 3421 2247; x_wconf 85' lang='lat' dir='ltr'>rapax</span> <span class='ocrx_word' id='word_1_194' title='bbox 3360 1925 3405 2063; x_wconf 85' lang='lat' dir='ltr'>Mors</span> <span class='ocrx_word' id='word_1_195' title='bbox 3357 1752 3405 1889; x_wconf 86' lang='lat' dir='ltr'>uenit</span> <span class='ocrx_word' id='word_1_196' title='bbox 3356 1516 3415 1717; x_wconf 86' lang='lat' dir='ltr'>amanti,</span> <span class='ocrx_word' id='word_1_197' title='bbox 3365 1174 3416 1222; x_wconf 73' lang='lat'>65</span> 
     </span>
     <span class='ocr_line' id='line_1_33' title="bbox 3441 1778 3505 2770; textangle 90"><span class='ocrx_word' id='word_1_198' title='bbox 3453 2726 3491 2770; x_wconf 80' lang='lat' dir='ltr'>et</span> <span class='ocrx_word' id='word_1_199' title='bbox 3443 2570 3505 2689; x_wconf 83' lang='lat' dir='ltr'>gerit</span> <span class='ocrx_word' id='word_1_200' title='bbox 3441 2358 3504 2533; x_wconf 80' lang='lat' dir='ltr'>insigni</span> <span class='ocrx_word' id='word_1_201' title='bbox 3451 2133 3503 2317; x_wconf 83' lang='lat' dir='ltr'>myrtea</span> <span class='ocrx_word' id='word_1_202' title='bbox 3450 1971 3487 2096; x_wconf 87' lang='lat' dir='ltr'>serta</span> <span class='ocrx_word' id='word_1_203' title='bbox 3457 1778 3488 1934; x_wconf 87' lang='lat' dir='ltr'>coma.</span> 
     </span>
    </p>
   </div>
   <div class='ocr_carea' id='block_1_5' title="bbox 3567 1172 3771 2838">
    <p class='ocr_par' dir='ltr' id='par_1_5' title="bbox 3567 1172 3770 2838">
     <span class='ocr_line' id='line_1_34' title="bbox 3567 1173 3621 2784; textangle 90"><span class='ocrx_word' id='word_1_204' title='bbox 3573 2733 3617 2784; x_wconf 78' lang='lat'>38</span> <span class='ocrx_word' id='word_1_205' title='bbox 3572 2567 3609 2701; x_wconf 75' lang='lat' dir='ltr'>uentis</span> <span class='ocrx_word' id='word_1_206' title='bbox 3585 2485 3621 2543; x_wconf 80' lang='lat' dir='ltr'>g:</span> <span class='ocrx_word' id='word_1_207' title='bbox 3572 2332 3609 2441; x_wconf 71' lang='lat' dir='ltr'>110th</span> <span class='ocrx_word' id='word_1_208' title='bbox 3570 2096 3617 2293; x_wconf 60' lang='lat' dir='ltr'>(ueteris)</span> <span class='ocrx_word' id='word_1_209' title='bbox 3570 2018 3606 2057; x_wconf 85' lang='lat' dir='ltr'><em>A</em></span> <span class='ocrx_word' id='word_1_210' title='bbox 3582 1798 3617 1847; x_wconf 86' lang='lat'>47</span> <span class='ocrx_word' id='word_1_211' title='bbox 3582 1647 3607 1766; x_wconf 81' lang='lat' dir='ltr'>arces</span> <span class='ocrx_word' id='word_1_212' title='bbox 3568 1566 3607 1611; x_wconf 80' lang='lat' dir='ltr'>S.</span> <span class='ocrx_word' id='word_1_213' title='bbox 3567 1380 3605 1529; x_wconf 76' lang='lat' dir='ltr'>Allm:</span> <span class='ocrx_word' id='word_1_214' title='bbox 3568 1173 3605 1325; x_wconf 74' lang='lat' dir='ltr'>macies</span> 
     </span>
     <span class='ocr_line' id='line_1_35' title="bbox 3622 1174 3674 2830; textangle 90"><span class='ocrx_word' id='word_1_215' title='bbox 3623 2658 3673 2830; x_wconf 49' lang='lat' dir='ltr'>Ilfc&#39;jlſjlin</span> <span class='ocrx_word' id='word_1_216' title='bbox 3638 2412 3674 2462; x_wconf 86' lang='lat'>50</span> <span class='ocrx_word' id='word_1_217' title='bbox 3631 2198 3674 2377; x_wconf 87' lang='lat' dir='ltr'>repente</span> <span class='ocrx_word' id='word_1_218' title='bbox 3628 2136 3673 2165; x_wconf 74' lang='grc' dir='ltr'>ψ</span> <span class='ocrx_word' id='word_1_219' title='bbox 3640 2110 3663 2115; x_wconf 95' lang='lat'><strong>:</strong></span> <span class='ocrx_word' id='word_1_220' title='bbox 3630 1906 3673 2075; x_wconf 83' lang='lat' dir='ltr'>reperte</span> <span class='ocrx_word' id='word_1_221' title='bbox 3625 1843 3661 1883; x_wconf 86' lang='grc' dir='ltr'><em>Α</em></span> <span class='ocrx_word' id='word_1_222' title='bbox 3625 1778 3663 1826; x_wconf 73' lang='lat' dir='ltr'>V:</span> <span class='ocrx_word' id='word_1_223' title='bbox 3624 1618 3662 1746; x_wconf 84' lang='lat' dir='ltr'>multa</span> <span class='ocrx_word' id='word_1_224' title='bbox 3630 1425 3671 1594; x_wconf 85' lang='lat' dir='ltr'>reperta</span> <span class='ocrx_word' id='word_1_225' title='bbox 3622 1335 3659 1400; x_wconf 79' lang='lat' dir='ltr'>uia</span> <span class='ocrx_word' id='word_1_226' title='bbox 3626 1284 3670 1311; x_wconf 72' lang='grc' dir='ltr'>ψ</span> <span class='ocrx_word' id='word_1_227' title='bbox 3622 1174 3659 1258; x_wconf 58' lang='lat' dir='ltr'>2uia</span> 
     </span>
     <span class='ocr_line' id='line_1_36' title="bbox 3675 1172 3770 2838; textangle 90"><span class='ocrx_word' id='word_1_228' title='bbox 3687 2775 3770 2838; x_wconf 37' lang='lat' dir='ltr'>§.ost</span> <span class='ocrx_word' id='word_1_229' title='bbox 3680 2704 3717 2752; x_wconf 91' lang='lat' dir='ltr'>L.</span> <span class='ocrx_word' id='word_1_230' title='bbox 3678 2495 3732 2678; x_wconf 74' lang='lat' dir='ltr'>Mueller)</span> <span class='ocrx_word' id='word_1_231' title='bbox 3679 2398 3718 2470; x_wconf 82' lang='lat' dir='ltr'>secl</span> <span class='ocrx_word' id='word_1_232' title='bbox 3680 2274 3718 2381; x_wconf 83' lang='lat' dir='ltr'>locus</span> <span class='ocrx_word' id='word_1_233' title='bbox 3680 1974 3718 2254; x_wconf 71' lang='lat' dir='ltr'>conclamatas</span> <span class='ocrx_word' id='word_1_234' title='bbox 3684 1898 3717 1952; x_wconf 80' lang='lat' dir='ltr'>est</span> <span class='ocrx_word' id='word_1_235' title='bbox 3678 1562 3727 1695; x_wconf 81' lang='lat'>59-62</span> <span class='ocrx_word' id='word_1_236' title='bbox 3682 1503 3714 1538; x_wconf 78' lang='lat' dir='ltr'>ct</span> <span class='ocrx_word' id='word_1_237' title='bbox 3680 1350 3725 1483; x_wconf 22' lang='lat' dir='ltr'><em>6-Jss72</em></span> <span class='ocrx_word' id='word_1_238' title='bbox 3675 1172 3714 1319; x_wconf 71' lang='lat' dir='ltr'>habent</span> 
     </span>
    </p>

    <p class='ocr_par' dir='ltr' id='par_1_6' title="bbox 3747 2740 3771 2799">
     <span class='ocr_line' id='line_1_37' title="bbox 3747 2740 3771 2799; textangle 90"><span class='ocrx_word' id='word_1_239' title='bbox 3747 2740 3771 2799; x_wconf 73' lang='lat' dir='ltr'>ar.</span> 
     </span>
    </p>
   </div>
   <div class='ocr_carea' id='block_1_6' title="bbox 4 3336 3336 3336">
    <p class='ocr_par' dir='ltr' id='par_1_7' title="bbox 4 3336 3336 3336">
     <span class='ocr_line' id='line_1_38' title="bbox 4 3336 498 3336; textangle 90"><span class='ocrx_word' id='word_1_240' title='bbox 4 3336 498 3336; x_wconf 95' lang='lat' dir='ltr'> </span> 
     </span>
     <span class='ocr_line' id='line_1_39' title="bbox 4 3336 3336 3336; textangle 90"><span class='ocrx_word' id='word_1_241' title='bbox 4 3336 3336 3336; x_wconf 95' lang='lat' dir='ltr'>                                          </span> 
     </span>
    </p>
   </div>
  </div>
 </body>
</html>
