5010 3336
4033 1465 4081 1749 TIBVLLI

3899 1464 3945 1543 flet
3898 1581 3938 1770 teneras
3896 1808 3944 2010 subtusa
3881 2046 3926 2225 genas:
3894 2274 3941 2359 sed
3893 2397 3942 2553 uictor
3893 2590 3931 2636 et
3878 2672 3941 2776 ipse
3881 3071 3921 3121 55

3818 1528 3865 1610 fiet
3817 1648 3865 1739 sibi
3815 1776 3862 2031 dementes
3815 2070 3853 2167 tam
3814 2206 3861 2417 ualuisse
3813 2454 3843 2641 manus.

3740 1460 3777 1508 at
3738 1545 3786 1755 lasciuus
3736 1792 3781 1947 Amor
3735 1983 3783 2111 rixae
3735 2148 3779 2276 mala
3734 2312 3780 2461 uerba
3721 2498 3781 2748 ministrat,

3658 1527 3706 1651 inter
3657 1687 3695 1734 et
3656 1771 3704 1945 iratum
3655 1984 3701 2142 lentus
3640 2180 3692 2443 utrumque
3652 2481 3698 2632 sedet.

3578 1460 3608 1487 a
3563 1523 3625 1643 lapis
3576 1681 3614 1753 est
3561 1790 3621 2083 ferrumque,
3575 2124 3605 2259 suam
3558 2300 3621 2602 quicumque
3557 2639 3617 2851 puellam

3496 1526 3543 1781 uerberat:
3495 1830 3525 1857 e
3495 1893 3540 2030 caelo
3480 2067 3542 2243 deripit
3494 2280 3542 2359 ille
3493 2396 3539 2529 deos,
3491 3066 3527 3120 60

3418 1460 3466 1519 sit
3418 1556 3464 1670 satis
3416 1708 3447 1734 e
3415 1771 3463 2003 membris
3414 2042 3453 2239 tenuem
3412 2278 3462 2554 rescindere
3401 2591 3450 2795 uestem,

3338 1526 3385 1586 sit
3337 1623 3384 1737 satis
3336 1775 3373 1972 ornatus
3334 2010 3383 2294 dissoluisse
3323 2331 3365 2516 comae,

3258 1458 3306 1518 sit
3256 1555 3304 1775 lacrimas
3255 1816 3303 2028 mouisse
3254 2066 3302 2212 satis:
3240 2263 3291 2433 quater
3253 2470 3301 2548 ille
3252 2587 3299 2758 beatus

3162 1525 3208 1624 quo
3176 1662 3215 1827 tenera
3174 1864 3223 1985 irato
3174 2024 3219 2137 fiere
3160 2174 3219 2336 puella
3159 2373 3211 2547 potest.

3096 1457 3142 1542 sed
3096 1582 3143 1807 manibus
3080 1845 3142 1927 qui
3093 1966 3125 2141 saeuus
3082 2179 3141 2279 erit,
3078 2321 3131 2613 scutumque
3075 2651 3137 2925 sudemque
3078 3064 3128 3114 65

3015 1523 3063 1561 is
3000 1598 3053 1731 gerat
3014 1768 3052 1814 et
3014 1853 3061 1957 miti
3013 1994 3061 2054 sit
2998 2090 3058 2259 procul
3013 2295 3043 2324 a
3011 2360 3057 2567 Venere.

2934 1455 2971 1502 at
2924 1539 2981 1695 nobis,
2933 1737 2979 1837 Pax
2922 1872 2978 2012 alma,
2933 2054 2980 2167 ueni
2917 2205 2980 2490 spicamque
2918 2528 2969 2707 teneto,

2835 1523 2897 1731 profluat
2850 1768 2889 1815 et
2835 1851 2898 2011 pomis
2848 2049 2898 2289 candidus
2849 2325 2887 2439 ante
2848 2475 2898 2623 sinus.

2498 1828 2545 2043 LIBER
2494 2092 2544 2457 SECVNDVS

2345 2127 2391 2173 I·

2240 1450 2299 1697 QVIstis
2240 1734 2299 1889 adest,
2251 1926 2298 2118 faueat:
2235 2169 2296 2327 fruges
2249 2364 2295 2624 lustramus
2248 2662 2287 2709 et
2233 2745 2279 2899 agros,

2173 1514 2221 1631 ritus
2173 1669 2211 1721 ut
2173 1757 2203 1785 a
2158 1822 2220 1981 prisco
2170 2019 2218 2222 traditus
2170 2261 2207 2389 extat
2169 2427 2200 2534 auo.

2082 1449 2139 1656 Bacche,
2080 1696 2139 1824 ueni,
2076 1864 2139 2120 dulcisque
2090 2158 2138 2251 tuis
2089 2289 2120 2315 e
2088 2352 2135 2582 cornibus
2088 2620 2118 2717 uua

1998 1513 2057 1741 pendeat,
2010 1782 2048 1828 et
1996 1866 2057 2012 spicis
1994 2050 2047 2271 tempora
1994 2308 2056 2461 cinge,
2006 2505 2053 2666 Ceres.

1932 1446 1977 1554 luce
1931 1591 1962 1726 sacra
1916 1762 1977 2033 requiescat
1917 2071 1974 2263 humus,
1913 2305 1974 2576 requiescat
1915 2612 1964 2781 arator,

1851 1511 1889 1559 et
1836 1594 1881 1739 graue
1835 1777 1880 2015 suspenso
1847 2052 1879 2251 uomere
1846 2288 1885 2444 cesset
1832 2481 1877 2621 opuS.

1770 1445 1818 1620 soluite
1770 1656 1817 1819 uincla
1754 1856 1816 2010 iugis:
1766 2059 1797 2190 nunc
1766 2227 1811 2290 ad
1750 2327 1813 2578 praesepia
1764 2616 1811 2799 debent

1675 1510 1735 1656 plena
1688 1691 1726 1926 coronato
1687 1963 1726 2087 stare
1686 2125 1734 2279 boues
1671 2317 1733 2488 capite.

1914 3083 1954 3105 <11

1561 1498 1597 1548 55
1571 1579 1609 1725 obtusa
1558 1746 1609 1941 Ne‘meflzy
1569 2070 1604 2123 60
1558 2154 1606 2305 deripit
1557 2335 1602 2390 ¹l‘³
1557 2423 1605 2563 diripit
1569 2594 1606 2634 A
1569 2777 1603 2823 61
1566 2859 1603 3099 rescindere

1504 1441 1552 1499 ψῑ
1507 1528 1555 1797 perscindere
1518 1827 1554 1867 A
1516 1980 1552 2033 68
1505 2064 1551 2242 profluat
1515 2278 1553 2405 Voss:
1503 2436 1549 2611 perfluat
1506 2642 1549 2698 ψε
1502 2728 1550 2905 pressuat
1513 2934 1549 2973 Α

1464 1496 1501 1608 Albii
1453 1627 1501 1788 Tybulli
1448 1814 1494 1931 poete
1461 1953 1499 2122 illustris
1461 2144 1497 2248 liber
1450 2270 1497 2426 primus
1449 2448 1497 2619 explicit
1459 2640 1497 2831 feliciter.
1447 2876 1497 3027 Incipit
1457 3047 1494 3099 de

1399 1440 1448 1531 agri
1410 1554 1446 1799 lustratione
1410 1823 1441 1862 ct
1408 1884 1433 2081 uenerem
1408 2107 1445 2378 inuocandam
1408 2413 1444 2490 Rea
1408 2516 1444 2550 A

1356 1498 1393 1513 Ι
1357 1550 1381 1565 1
1356 1601 1393 1738 faueat
1343 1768 1393 1976 Scalzger:
1354 2007 1391 2142 ualeat
1355 2172 1391 2213 A
1343 2381 1379 2485 5v14
1353 2516 1390 2662 liabent
1352 2694 1390 2787 Par.
1352 2814 1375 2907 cnm
1339 2931 1388 3095 inscrip-

1302 1441 1339 1545 tione
1303 1575 1339 1612 in
1302 1635 1337 1819 secundo
1291 1976 1325 1996 7
1301 2029 1325 2137 nunc
1301 2172 1337 2224 ad
1290 2260 1336 2478 praesepia
1300 2509 1336 2584 sub
1299 2617 1336 2753 Cottae
1298 2783 1333 2946 nomine
1286 2966 1334 3099 adfert

1238 1439 1285 1609 scriptor
1248 1630 1285 1698 ‘de
1248 1714 1285 1847 dubiis
1247 1868 1286 2125 nominibus'
1246 2150 1285 2216 Gr.
1246 2242 1285 2334 Lat.
1232 2359 1283 2486 (Keil)
1233 2511 1270 2547 v⁷
1233 2566 1277 2605 p.
1233 2631 1281 2721 587,
1234 2748 1271 2792 17
1245 2945 1280 2969 8
1232 2992 1268 3031 p.
1243 3059 1269 3092 e.

1194 1441 1231 1600 uertice
1193 1621 1225 1733 stare
1193 1755 1230 1882 boues
1193 1911 1230 2009 Par.
