5010 3336
3980 1436 4023 1502 '1‘1
3977 1519 4022 1718 BVLLI

3780 2100 3822 2145 v
3788 2195 3844 2266 ³<-

3682 1435 3727 1606 Aspim
3681 1646 3711 1774 eram
3679 1815 3716 1861 ct
3678 1898 3725 2023 benc
3676 2062 3725 2323 discidium
3675 2364 3705 2441 me
3673 2478 3720 2598 ferre
3658 2636 3718 2903 loquebar:

3602 1498 3638 1545 at
3601 1584 3647 1701 mibi
3599 1740 3629 1870 nunc
3584 1907 3643 2050 longe
3582 2086 3643 2236 gloria
3594 2273 3642 2406 fortis
3593 2444 3641 2594 abest.

3507 1432 3550 1644 namque
3506 1682 3550 1796 agor
3520 1832 3556 1884 ut
3504 1921 3547 2004 per
3503 2040 3562 2184 plana
3515 2222 3563 2344 citus
3514 2383 3558 2483 sola
3512 2522 3558 2722 uerbere
3510 2761 3556 2934 turben

3426 1498 3471 1644 quem
3440 1685 3484 1810 celer
3438 1846 3484 2050 adsueta
3437 2087 3473 2245 uersat
3436 2282 3480 2344 ab
3434 2382 3471 2482 arte
3419 2519 3463 2650 puer.

3360 1430 3390 1512 ure
3360 1552 3405 1704 ferum
3359 1744 3396 1790 et
3344 1828 3396 2012 torque,
3357 2054 3404 2201 libeat
3356 2238 3386 2299 ne
3354 2338 3402 2499 dicere
3338 2537 3399 2799 quicquam

3266 1497 3327 1810 magnificum
3264 1848 3314 1958 post
3276 1996 3321 2148 haec:
3274 2198 3321 2393 horrida
3272 2430 3318 2579 uerba
3271 2616 3316 2775 doma.

3186 1429 3229 1571 parce
3186 1610 3235 1787 tamen,
3183 1828 3227 1913 per
3196 1949 3233 1995 te
3196 2032 3242 2194 furtiui
3193 2232 3239 2429 foedera
3180 2466 3238 2589 lecti,

3106 1495 3149 1579 per
3117 1616 3148 1846 uenerem
3102 1886 3146 2068 quaeso
3098 2106 3160 2535 compositumque
3096 2573 3148 2730 caput.

3039 1429 3086 1505 ille
3024 1545 3069 1634 ego
3038 1672 3069 1783 cum
3036 1821 3083 1940 tristi
3034 1980 3081 2152 morbo
3032 2190 3078 2379 defessa
3030 2416 3079 2595 iaceres

2959 1495 2996 1541 te
2958 1580 3005 1715 dicor
2956 1752 3004 1878 uotis
2940 1918 3002 2148 eripuisse
2953 2188 3000 2339 meis:

2864 1428 2925 1629 ipseque
2877 1667 2914 1713 te
2876 1750 2923 1931 circum
2874 1970 2919 2168 lustraui
2858 2208 2917 2402 sulpure
2856 2440 2901 2574 puro,

2796 1493 2843 1707 carmine
2796 1746 2826 1856 cum
2779 1896 2841 2086 magico
2778 2124 2838 2470 praecinuisset
2776 2509 2819 2661 anus3

2702 1427 2763 1527 ipse
2702 1565 2761 1820 procuraui
2714 1860 2743 1920 nc
2699 1958 2749 2158 possent
2711 2195 2741 2341 saeua
2708 2377 2739 2553 nocere

2623 1492 2682 1697 somnia,
2634 1736 2671 1805 ter
2633 1842 2669 2009 sancta
2629 2045 2676 2391 deueneranda
2615 2430 2672 2588 mola3

2542 1424 2602 1526 ipse
2540 1564 2585 1653 ego
2553 1691 2598 1878 uelatus
2553 1917 2598 1999 filo
2536 2037 2598 2312 tunicisque
2548 2350 2595 2519 solutis

2475 1489 2511 1601 uota
2473 1640 2504 1821 nouem
2471 1860 2519 2054 Triuiae
2470 2091 2507 2235 nocte
2468 2272 2516 2443 silente
2467 2480 2515 2610 dedi.

2394 1422 2441 1587 omnia
2379 1624 2439 1868 persolui:
2392 1907 2438 2077 fruitur
2390 2113 2419 2243 nunc
2388 2281 2433 2399 alter
2375 2434 2417 2612 3111016,

2314 1488 2351 1534 61
2299 1572 2360 1796 precibus
2312 1834 2358 1945 felix
2311 1982 2357 2131 utitur
2310 2168 2356 2246 ille
2308 2285 2355 2418 meis.

2233 1419 2269 1466 31
2234 1507 2279 1625 mihi
2231 1665 2278 1855 felicem
2220 1896 2277 2058 uitam,
2230 2098 2276 2134 si
2228 2179 2273 2311 salua
2216 2350 2273 2533 fuisses,

2137 1488 2197 1732 fingebam
2138 1771 2195 1988 demens,
2148 2030 2185 2075 et
2146 2114 2183 2348 renuente
2145 2386 2190 2493 deo.

2073 1420 2102 1527 rura
2062 1564 2116 1742 colam,
2055 1778 2116 2067 frugumque
2068 2105 2114 2257 aderit
2066 2298 2096 2405 mea
2064 2445 2110 2587 Delia
2051 2624 2099 2801 6115105,

1992 1486 2021 1595 3163
1991 1632 2035 1750 dum
1988 1790 2019 1972 messes
1986 2010 2031 2111 sole
1985 2149 2030 2337 calente
1975 2376 2021 2508 teret,

1912 1416 1949 1499 aut
1912 1538 1958 1654 1111111
1909 1693 1956 1903 seruabit
1894 1942 1954 2095 plenis
1907 2133 1953 2181 in
1904 2219 1952 2441 lintribus
1902 2480 1931 2598 uuas

1816 1484 1861 1746 pressaque
1829 1784 1875 1939 ueloci
1826 1979 1873 2189 candida
1824 2228 1861 2386 musta
1809 2423 1867 2561 pede.

1750 1417 1787 1706 consuescet
1747 1744 1777 1996 numerare
1732 2035 1775 2214 066115,-
1742 2251 1777 2539 consuescet
1740 2576 1787 2781 amantis

1655 1484 1714 1699 garrulus
1670 1738 1716 1785 in
1665 1824 1713 2053 dominae
1662 2092 1708 2259 ludere
1661 2297 1691 2445 uerna
1659 2484 1707 2603 sinu.

1590 1418 1636 1497 illa
1589 1534 1634 1629 deo
1588 1667 1636 1783 sciet
1572 1820 1633 2057 agricolae
1569 2096 1612 2182 pro
1581 2220 1629 2400 uitibus
1570 2438 1609 2597 uuam,

1494 1485 1539 1571 pro
1494 1609 1545 1770 segete
1492 1808 1553 1976 spicas,
1490 2018 1532 2104 pio
1488 2140 1531 2281 grege
1500 2320 1545 2438 ferre
1484 2477 1543 2667 dapem.

1391 1472 1426 1509 V
1391 1543 1414 1559 1
1388 1594 1426 1809 discidium
1376 1843 1421 1896 ψι
1385 1932 1422 2143 dissidium
1385 2178 1420 2217 A
1381 2387 1404 2409 2
1380 2442 1417 2558 sortis
1380 2597 1416 2655 V:
1379 2686 1416 2807 sortis
1380 2840 1416 2878 A

1335 1416 1371 1511 cisat
1336 1540 1373 1752 Charisius
1322 1766 1364 1807 j).
1322 1839 1358 1923 1457
1333 1951 1367 1974 8
1320 1997 1367 2097 Keil,
1330 2123 1365 2268 turben
1328 2292 1365 2420 idem:
1326 2450 1362 2569 turbo
1326 2601 1361 2641 A
1314 2797 1348 2814 7
1314 2850 1349 2922 per
1324 2943 1355 2984 te

2948 3034 2973 3081 10

1367 3045 1401 3068 3

1332 3019 1347 3043 0.
1339 3058 1345 3064 .

1312 3009 1332 3033 ᾧ
1322 3058 1329 3064 .

1271 1418 1306 1543 parce
1283 1576 1318 1615 A
1281 1788 1304 1830 11
1278 1864 1310 1927 ter
1267 1957 1311 1984 ψ
1265 2128 1300 2174 14
1273 2206 1310 2459 deuenerata
1268 2492 1305 2519 ψ
1262 2558 1309 2731 thivelzts
1270 2885 1306 2931 16
1270 2963 1294 3065 uoca

1231 1416 1265 1457 A
1227 1572 1264 1741 Triuiae
1226 1773 1260 1826 ab:
1224 1860 1249 1997 crcrne
1224 2032 1259 2072 A
1221 2242 1244 2294 20
1220 2325 1251 2363 et
1219 2396 1256 2579 Sanfmr:
1218 2612 1253 2685 sed
1217 2717 1253 2757 A
1205 2927 1240 2975 :27
1216 3009 1252 3066 ui-

1174 1418 1211 1527 tibus
1173 1558 1211 1625 A:
1172 1658 1209 1857 fructibus
1172 1894 1208 1933 V
1168 2091 1204 2142 28
1156 2172 1204 2308 spicas
1153 2334 1189 2391 g:
1165 2423 1196 2461 61
1153 2484 1201 2619 spicas
1165 2647 1201 2686 A
