5010 3336
3976 1497 4023 1779 TIBVLLI

3826 1494 3885 1718 eueniet3
3836 1764 3882 1847 dat
3819 1884 3883 2019 signa
3830 2056 3877 2206 deus:
3828 2258 3867 2369 sunt
3825 2408 3874 2611 numina
3811 2646 3869 2842 amanti,

3757 1560 3805 1714 saeuit
3756 1752 3794 1799 et
3751 1836 3803 2015 iniusta
3737 2052 3797 2156 lege
3750 2196 3797 2361 relicta
3746 2398 3792 2581 Venus.

3679 1491 3716 1538 at
3678 1577 3716 1628 tu
3662 1667 3707 1814 quam
3661 1852 3722 2062 primurn
3657 2101 3702 2242 sagae
3654 2279 3705 2539 praecepta
3652 2576 3711 2761 rapacis

3596 1559 3643 1758 desere:
3596 1807 3625 1921 nam
3593 1959 3641 2102 donis
3590 2142 3638 2353 uincitur
3588 2390 3634 2550 omnis
3584 2588 3616 2738 amor.
3577 3099 3617 3150 60

3504 1490 3550 1674 pauper
3516 1711 3564 1798 erit
3501 1835 3552 2027 praesto
3514 2066 3561 2153 ti'oi
3496 2191 3542 2408 semper:
3492 2460 3539 2644 pauper
3502 2680 3550 2834 adibit

3423 1556 3485 1739 primus
3435 1777 3473 1824 et
3435 1860 3482 1909 in
3432 1948 3471 2115 tenero
3430 2154 3477 2274 fixus
3429 2314 3476 2401 erit
3426 2439 3473 2619 latere:

3342 1488 3389 1673 pauper
3356 1709 3403 1758 in
3339 1795 3391 2002 angusto
3351 2040 3398 2166 fidus
3348 2205 3381 2370 comes
3333 2408 3393 2602 agmine
3342 2641 3390 2809 turbae

3261 1555 3324 1861 subicietque
3272 1899 3303 2072 manus
3255 2109 3318 2383 efficietque
3265 2421 3315 2585 uiam:

3183 1486 3229 1669 pauper
3196 1705 3240 1767 ad
3192 1806 3238 2024 occultos
3191 2062 3238 2226 furtim
3187 2265 3235 2476 deducet
3184 2513 3233 2697 amicos
3175 3093 3217 3142 ὅς

3099 1553 3163 1813 uinclaque
3112 1850 3158 1911 de
3110 1948 3159 2095 niueo
3107 2133 3154 2355 detrahet
3091 2392 3154 2494 ipse
3090 2531 3149 2669 pede.

3037 1485 3083 1579 heu
3033 1618 3081 1838 canimus
3031 1876 3077 2048 frustra
3029 2086 3059 2177 nec
3027 2215 3074 2375 uerbis
3025 2414 3073 2543 uicta
3010 2581 3069 2786 patescit

2955 1550 3003 1695 ianua
2952 1732 2998 1818 sed
2938 1855 2997 2000 plena
2950 2036 2987 2108 est
2934 2145 2995 2464 percutienda
2943 2502 2975 2661 manu.

2876 1482 2914 1529 at
2863 1568 2913 1631 tu,
2859 1673 2920 1755 qui
2858 1792 2918 1953 potior
2869 1990 2899 2120 nunc
2857 2159 2898 2223 es,
2866 2265 2897 2374 mea
2864 2411 2910 2533 furta
2861 2572 2910 2773 timeto:

2793 1548 2830 1766 uersatur
2791 1802 2838 1945 celeri
2790 1983 2834 2099 Fors
2788 2138 2835 2257 leuis
2785 2296 2832 2413 orbe
2783 2450 2822 2596 rotae.
2776 3090 2805 3138 »ο

2715 1482 2745 1580 non
2711 1620 2758 1792 frustra
2696 1829 2757 2029 quidam
2708 2068 2756 2163 iam
2706 2202 2737 2334 nunc
2705 2372 2753 2421 in
2702 2458 2751 2626 limine
2686 2664 2738 2843 perstat

2632 1547 2678 1745 sedulus
2630 1782 2661 1839 ac
2628 1877 2675 2047 crebro
2611 2084 2673 2319 prospicit
2624 2354 2654 2411 ac
2608 2449 2669 2621 refugit

2554 1478 2591 1523 et
2551 1563 2600 1755 simulat
2548 1794 2596 1993 transire
2534 2031 2593 2250 domum,
2545 2292 2575 2404 mox
2542 2440 2591 2621 deinde
2540 2658 2588 2854 recurrit

2472 1544 2517 1674 solus
2471 1714 2508 1759 et
2469 1796 2507 1909 ante
2454 1947 2516 2074 ipsas
2465 2113 2503 2328 exscreat
2449 2365 2494 2521 usque
2461 2561 2507 2699 fores.

2391 1476 2438 1642 nescio
2375 1680 2437 1798 quid
2387 1836 2435 2040 furtiuus
2386 2078 2416 2214 amor
2371 2250 2422 2398 parat.
2382 2473 2420 2606 utere
2366 2644 2411 2839 quaeso,
2393 3084 2406 3103 *-

2310 1542 2356 1661 dum
2307 1700 2356 1842 licet:
2308 1892 2355 1941 in
2291 1979 2354 2165 liquida
2304 2202 2342 2285 nat
2302 2323 2351 2410 tibi
2301 2450 2350 2590 linter
2285 2626 2330 2764 aqua.

2765 3092 2783 3100 ι

2167 2126 2212 2199 VI

2071 1474 2117 1686 SEMPER
2070 1725 2107 1776 ut
2067 1814 2117 2017 inducar
2064 2055 2112 2264 blandos
2063 2303 2109 2444 offers
2062 2484 2110 2602 mihi
2048 2641 2105 2817 uultus,

1976 1538 2028 1648 post
1989 1686 2027 1850 tamen
1987 1888 2017 1938 es
1985 1976 2034 2153 misero
1984 2190 2032 2335 tristis
1983 2374 2021 2420 et
1966 2456 2012 2607 asper,
1978 2649 2024 2815 Amor.

1896 1473 1957 1592 quid
1898 1631 1957 1729 tibi,
1896 1772 1939 1929 saeue,
1906 1969 1953 2035 rei
1905 2074 1935 2268 mecum
1902 2306 1947 2417 est?
1902 2464 1932 2526 an
1886 2562 1947 2713 gloria
1882 2751 1929 2924 magna
1895 2962 1933 3032 est

1829 1536 1878 1736 insidias
1827 1774 1874 1962 homini
1810 1999 1871 2334 composuisse
1821 2371 1868 2560 deum?

1751 1470 1781 1583 nam
1750 1623 1797 1741 mihi
1747 1778 1793 2044 tenduntur
1744 2080 1775 2269 casses:
1743 2320 1790 2414 iam
1741 2456 1788 2597 Delia
1739 2634 1786 2797 furtim
1721 3098 1758 3117 5

1670 1536 1718 1701 nescio
1655 1740 1699 1887 quem
1666 1924 1714 2069 tacita
1664 2105 1711 2280 callida
1662 2322 1701 2467 nocte
1660 2505 1707 2646 fovet.

1548 1522 1595 1651 61·64
1557 1685 1597 1830 habent
1556 1847 1593 1945 Par.
1554 2058 1588 2105 61
1553 2146 1590 2216 tibi
1540 2239 1576 2406 semper
1538 2427 1588 2571 Rzglcr
1537 2590 1587 2776 (semper
1546 2798 1584 2869 tibi
1532 2894 1583 3119 Μηι’σίιιε);

1506 1467 1543 1537 tibi
1494 1561 1535 1702 presto
1506 1723 1541 1763 A
1502 1784 1527 1791 t
1491 1828 1528 1995 semper
1501 2015 1532 2055 te
1500 2078 1537 2176 Par.
1498 2414 1532 2464 62
1496 2500 1527 2539 et
1496 2562 1532 2601 in
1495 2625 1531 2727 duro
1492 2750 1531 2890 limine
1490 2913 1528 3018 fixus
1488 3042 1524 3118 erit

1451 1466 1490 1565 Par.
1440 1732 1486 1782 65
1448 1815 1485 1990 amictus
1435 2011 1481 2038 ψ
1436 2074 1471 2152 quo
1433 2188 1477 2331 recepto
1431 2362 1479 2587 scrzpserz'm
1429 2621 1465 2781 pauper
1438 2815 1475 2949 adhuc
1434 2983 1473 3117 luteos

1398 1467 1435 1575 suris
1396 1597 1435 1777 deducet
1382 1978 1429 2027 67
1393 2065 1429 2174 uicta
1380 2205 1415 2261 g:
1390 2300 1427 2434 uincta
1390 2467 1426 2507 A
1376 2729 1421 2781 69
1385 2814 1423 2894 fata
1380 2930 1421 3117 Muretus

1334 1468 1368 1517 70
1344 1550 1381 1696 habent
1342 1727 1379 1795 Fr.
1342 1832 1375 1869 et
1340 1898 1380 1995 Par.
1328 2127 1375 2262 rotae]
1338 2298 1374 2377 cito
1334 2411 1373 2511 Par.
1322 2696 1366 2828 71—76
1320 2852 1362 2950 post
1328 2980 1365 3033 vi.
1316 3063 1352 3115 32

1278 1466 1326 1753 transponebat
1276 1772 1326 1964 Scalrger‚
1275 1993 1324 2036 cf.
1286 2067 1324 2188 Ouid.
1284 2222 1323 2341 Trist.
1283 2364 1320 2400 ii,
1272 2427 1307 2506 459
1270 2526 1306 2583 sq.
1269 2756 1303 2804 72
1278 2841 1309 2879 et
1273 2912 1313 3057 crebro
1260 3088 1307 3115 ψ

1225 1467 1260 1515 74
1224 1554 1260 1683 usque
1223 1704 1268 1752 φτ
1223 1790 1271 1879 ipse
1235 1900 1271 1941 A
1222 2111 1267 2160 76
1232 2196 1263 2264 nat
1218 2293 1254 2345 g:
1230 2379 1253 2469 nam
1227 2503 1265 2575 A:
1225 2608 1251 2714 nunc
1210 2736 1262 2940 Rosslerg

1183 1520 1219 1572 VI
1171 1608 1206 1631 3
1169 1664 1206 1805 saeue,
1181 1829 1217 1888 rei
1167 1910 1217 2069 εει-ᾠδὴ
1177 2105 1215 2254 seuitie
1175 2288 1214 2357 A:
1174 2389 1200 2515 saeue
1162 2537 1198 2642 puer
1159 2672 1205 2699 ψ
1158 2864 1194 2887 5
1167 2922 1192 3015 nam
1164 3043 1204 3110 A:

1128 1466 1165 1546 iam
1114 1574 1150 1609 g
