5010 3336
982 3092 1066 3100 ,ινα-,ω
1076 3093 1100 3100 ω.
1113 3086 1341 3103 ωψ-ο-ᾞ-ὐ-ἶα-Ϋῆ..
1367 3100 1369 3102 ,
1383 3088 1387 3102 ξ

888 1606 957 1914 [TIBVLLI
893 1436 939 1565 LIB.
894 1297 939 1392 ΙΙΙ.
890 1180 955 1253 11]

1036 2734 1088 2845 post
1027 2574 1074 2696 haec
1027 2296 1075 2537 carbaseis
1045 2037 1075 2257 umorem
1030 1827 1075 1995 tollere
1028 1668 1076 1789 uelis

1117 2633 1169 2781 atque
1107 2548 1154 2595 in
1124 2238 1155 2507 marmorea
1125 2018 1169 2200 ponere
1109 1851 1156 1980 sicca
1111 1651 1157 1815 domo.

1186 2751 1234 2848 illic
1204 2593 1248 2713 quas
1188 2408 1235 2555 mittit
1188 2232 1236 2371 diues
1190 1945 1235 2191 Panchaia
1206 1721 1236 1905 merces

1267 2587 1329 2779 Eoique
1269 2349 1327 2550 Arabes,
1269 2170 1316 2308 diues
1280 2085 1316 2131 et
1270 1836 1330 2046 Assyria,

1358 2803 1395 2850 et
1348 2614 1396 2765 nostri
1366 2335 1397 2575 memores
1351 2070 1398 2296 lacrimae
1353 1765 1399 2031 fundantur
1353 1522 1399 1727 eodem:
1372 1182 1411 1228 25

1428 2714 1475 2783 sic
1445 2586 1491 2676 ego
1430 2316 1491 2548 componi
1448 2108 1478 2276 uersus
1431 2022 1478 2069 in
1449 1872 1478 1982 ossa
1432 1673 1479 1834 uelim.

1510 2764 1556 2850 Sed
1509 2542 1557 2725 tristem
1510 2334 1558 2500 mortis
1514 1991 1559 2295 demonstret
1513 1795 1559 1952 littera
1529 1562 1559 1757 causam

1599 2635 1651 2783 atque
1592 2476 1638 2597 hacc
1591 2389 1637 2437 in
1593 2171 1639 2349 celebri
1592 1915 1639 2132 carmina
1594 1718 1639 1876 fronte
1603 1509 1639 1679 notet:

1676 2530 1715 2850 LYGDAmvs
1678 2373 1716 2474 H1c
1679 2155 1717 2321 Sirvs
1679 1980 1716 2113 Rsr:
1679 1716 1717 1918 DOLOR
1680 1523 1717 1663 HVic
1680 1398 1718 1469 ET
1680 1181 1719 1340 CVRA

1751 2445 1799 2741 NEAERAE,

1826 2504 1866 2783 CONIVGIS
1827 2188 1877 2471 EREPTAE,
1828 1963 1867 2151 CAVSA
1828 1710 1866 1929 PERIRE
1828 1536 1867 1676 FVIT.
1842 1184 1880 1234 30

1968 2114 2014 2198 111

2067 2711 2127 2851 QVID
2069 2473 2128 2673 prodest
2070 2244 2116 2435 caelum
2068 2077 2115 2205 uotis
2068 1795 2130 2039 implesse,
2070 1549 2127 1752 Neaera,

2144 2506 2207 2784 blandaque
2163 2355 2193 2467 cum
2148 2162 2193 2315 multa
2156 2019 2193 2125 tura
2147 1786 2194 1982 dedisse
2164 1593 2207 1749 prece,

2240 2754 2271 2853 non
2234 2663 2271 2715 ut
2227 2367 2274 2625 marmorei
2227 2082 2287 2327 prodirem
2245 2017 2274 2043 e
2227 1811 2275 1979 limine
2228 1641 2286 1773 tecti,

2304 2586 2367 2788 insignis
2309 2420 2353 2547 clara
2307 1986 2369 2383 conspicuusque
2310 1782 2366 1948 domo,

2394 2774 2432 2857 aut
2396 2685 2432 2737 ut
2389 2493 2433 2646 multa
2387 2360 2434 2455 mei
2398 2029 2435 2322 renouarent
2388 1828 2450 1991 iugera
2388 1667 2435 1790 tauri
2409 1190 2448 1209 5

2477 2742 2514 2789 et
2484 2504 2529 2704 magnas
2485 2283 2515 2465 messes
2478 2121 2515 2245 terra
2469 1872 2530 2083 benigna
2471 1686 2527 1835 daret,

2549 2770 2594 2856 sed
2557 2570 2595 2731 tecum
2558 2480 2595 2531 ut
2551 2267 2610 2441 longae
2549 1994 2596 2228 sociarem
2549 1776 2611 1955 gaudia
2549 1610 2597 1740 uitae

2628 2641 2689 2790 inque
2639 2517 2676 2602 tuo
2631 2284 2677 2479 caderet
2640 2081 2675 2246 nostra
2639 1846 2677 2044 senecta
2630 1687 2687 1809 sinu,

2719 2754 2756 2858 tum
2726 2604 2756 2716 cum
2726 2305 2771 2565 permenso
2712 2005 2765 2270 defunctus
2721 1746 2771 1966 tempore
2710 1587 2758 1708 lucis

2791 2628 2836 2790 nudus
2792 2372 2837 2587 Lethaea
2807 2136 2851 2334 cogerer
2790 2033 2837 2099 ire
2794 1858 2838 1995 rate?
2812 1189 2839 1237 10

2887 2743 2917 2855 nam
2886 2558 2931 2704 graue
2871 2400 2932 2520 quid
2873 2162 2931 2361 prodest
2873 1929 2932 2124 pondus
2870 1770 2917 1889 mihi
2870 1567 2918 1732 diuitis
2871 1412 2929 1529 auri,

2968 2575 3012 2790 aruaque
2951 2499 2997 2536 si
2954 2270 2998 2460 findant
2952 2033 3013 2231 pinguia
2952 1863 2998 1994 mille
2953 1633 2999 1824 boues?

3031 2674 3094 2858 quidue
3033 2457 3078 2635 domus
3033 2220 3093 2418 prodest
3031 1961 3092 2179 Phrygiis
3031 1758 3078 1922 innixa
3030 1463 3088 1720 columnis,

3115 2570 3159 2792 Taenare
3112 2429 3158 2532 siue
3112 2284 3169 2390 tuis,
3111 2139 3158 2241 siue
3113 1898 3172 2099 Caryste
3111 1752 3169 1859 tuis,

3203 2813 3240 2859 et
3210 2574 3239 2775 nemora
3192 2486 3238 2536 in
3192 2218 3239 2449 domibus
3209 2018 3238 2178 sacros
3192 1740 3239 1979 imitantia
3194 1566 3239 1701 lucos
3213 1194 3251 1239 15

3282 2497 3334 2794 aurataeque
3273 2300 3319 2460 trabes
3288 1834 3334 2261 marmoreumque
3275 1595 3319 1795 solum?

3412 2755 3436 2802 21
3400 2615 3437 2721 ueiis
3404 2532 3449 2585 ψε
3402 2361 3437 2498 uentis
3400 2290 3436 2330 Α
3412 2066 3447 2115 23
3400 1938 3438 2033 illuc
3402 1771 3449 1909 ἰβ-βοή.
3406 1649 3438 1741 recle
3413 1427 3447 1489 23,
3413 1347 3447 1397 24
3401 1194 3439 1313 diues

3454 2799 3491 2859 his
3455 2707 3491 2779 ιιιζι·
3467 2509 3491 2690 sanum:
3454 2306 3502 2474 pinguis
3460 2242 3491 2282 et
3453 2172 3491 2221 A.
3457 2012 3503 2147 gasort.
3460 1890 3491 1983 recte
3468 1733 3503 1784 29
3468 1604 3492 1701 cura
3459 1546 3505 1573 ψ
3469 1517 3492 1524 :
3456 1438 3491 1485 ca
3457 1195 3505 1413 {zcaussq

3508 2818 3544 2859 A
3508 2508 3545 2699 Neaerae
3513 2420 3557 2476 ip:
3521 2260 3545 2387 ncera
3508 2190 3543 2229 A

3560 2739 3599 2800 ΙΙΙ
3574 2684 3608 2703 7
3564 2448 3599 2651 sociarem
3576 2363 3611 2421 g:
3562 2123 3599 2331 sociarent
3562 2052 3597 2091 A
3577 1855 3610 1879 9
3576 1572 3611 1823 permensae
3566 1512 3611 1539 ψ
3574 1196 3609 1323 11-13

3615 2596 3654 2857 l1a'›‹·ntPar.
3628 2379 3651 2420 11
3616 2232 3663 2342 Quid
3616 1994 3665 2198 prodesse
3623 1823 3663 1960 potest
3618 1622 3664 1787 pondus
3628 1458 3664 1586 graue.
3615 1383 3652 1419 d.
3628 1323 3652 1358 a.
3615 1199 3653 1297 Par.

3682 2806 3716 2852 14
3670 2626 3706 2774 cariste
3673 2539 3718 2595 ila:
3669 2331 3706 2507 thariste
3671 2261 3706 2299 Α
3671 1957 3705 2086 16-22
3670 1779 3707 1926 liabent
3670 1662 3708 1758 Par.

3734 2594 3760 2804 TissVLm's
3724 1306 3758 1329 4
