5010 3336
976 1362 1021 1487 LIB.
977 1282 1023 1316 Ι,
978 1167 1023 1237 VI

1102 2748 1150 2826 illa
1102 2510 1165 2711 quidem
1102 2318 1153 2471 iurata
1115 2124 1168 2282 negat,
1108 1996 1155 2083 sed
1109 1760 1157 1958 credere
1111 1545 1158 1722 durum
1122 1405 1159 1506 est:

1183 2694 1231 2763 sic
1184 2512 1231 2658 etiam
1186 2411 1233 2474 de
1203 2295 1234 2372 me
1198 2026 1249 2259 pernegat
1206 1833 1251 1989 usque
1191 1677 1239 1795 uiro.

1263 2728 1326 2830 ipse
1264 2546 1312 2690 miser
1267 2347 1325 2511 docui,
1284 2210 1329 2309 quo
1279 2007 1330 2172 posset
1272 1801 1319 1969 ludere
1282 1618 1334 1763 pacto

1347 2502 1393 2766 custodes:
1349 2356 1394 2451 heu
1350 2222 1396 2317 heu
1367 2051 1397 2182 nunc
1368 1818 1413 2013 premor
1363 1682 1402 1783 arte
1372 1521 1402 1642 mea.
1377 1166 1402 1212 10

1426 2650 1487 2829 fingere
1436 2496 1475 2611 tunc
1428 2283 1476 2457 didicit
1447 2075 1477 2246 causas
1442 1984 1479 2035 ut
1436 1842 1480 1945 sola
1436 1590 1494 1805 cubaret,

1507 2570 1555 2768 cardine
1518 2414 1556 2529 tunc
1510 2228 1557 2374 tacito
1522 2002 1559 2188 uertere
1531 1819 1575 1964 posse
1517 1622 1563 1781 fores:

1594 2719 1634 2835 tunc
1606 2539 1636 2681 sucos
1592 2224 1654 2499 herbasque
1594 2070 1641 2186 dedi
1595 1924 1656 2032 quis
1596 1762 1643 1885 liuor
1598 1572 1645 1725 abiret

1686 2623 1731 2771 quem
1672 2471 1719 2584 facit
1673 2198 1735 2434 impresso
1686 1989 1723 2157 mutua
1679 1803 1725 1952 dente
1696 1595 1727 1765 uenus.

1758 2792 1796 2840 at
1759 2690 1808 2754 tu,
1752 2467 1799 2648 fallacis
1754 2214 1801 2428 coniunx
1755 1983 1803 2176 incaute
1761 1740 1819 1944 puellae,
1781 1172 1809 1217 μς

1848 2693 1879 2771 me
1850 2458 1895 2656 quoque
1845 2215 1893 2420 seruato,
1847 2003 1898 2173 peccet
1848 1914 1885 1965 ut
1839 1795 1886 1875 illa
1840 1624 1897 1758 nihil,

1927 2745 1958 2841 neu
1912 2504 1961 2706 iuuenes
1915 2253 1963 2466 celebret
1919 2057 1964 2212 multo
1935 1792 1967 2018 sermone
1931 1579 1969 1754 caueto

2010 2650 2041 2775 neue
1995 2466 2042 2613 cubet
1997 2319 2043 2427 laxo
2007 2110 2058 2281 pectus
2010 1906 2061 2072 aperta
2000 1745 2059 1869 sinu,

2090 2749 2121 2842 neu
2083 2663 2122 2710 te
2075 2414 2137 2627 decipiat
2087 2241 2135 2377 nutu,
2078 1945 2141 2198 digitoque
2081 1667 2143 1907 liquorem

2171 2717 2202 2777 ne
2158 2522 2203 2679 trahat
2167 2437 2205 2484 et
2176 2200 2207 2398 mensae
2162 2014 2208 2163 ducat
2161 1926 2208 1975 in
2163 1770 2211 1888 orbe
2174 1578 2211 1732 notas
2188 1177 2214 1227 20

2234 2698 2283 2846 exibit
2254 2512 2298 2660 quam
2255 2315 2301 2473 saepe,
2240 2142 2298 2272 time,
2259 2016 2289 2100 seu
2243 1820 2291 1977 uisere
2244 1652 2292 1782 dicet

2333 2645 2364 2781 sacra
2321 2439 2367 2607 Bonae
2321 2186 2369 2400 maribus
2340 2048 2369 2147 non
2326 1779 2372 2010 adeunda
2328 1590 2373 1739 Deae.

2406 2802 2443 2849 at
2398 2647 2444 2763 mihi
2399 2568 2446 2606 si
2402 2348 2458 2531 credas,
2402 2176 2448 2304 illam
2420 1960 2465 2135 sequar
2422 1798 2452 1924 unus
2408 1698 2453 1760 ad
2425 1523 2454 1660 aras:

2487 2665 2526 2781 tunc
2480 2507 2526 2626 mihi
2498 2370 2529 2470 non
2484 2178 2530 2332 oculis
2485 2080 2531 2139 sit
2485 1823 2533 2042 timuisse
2488 1651 2535 1785 meis.

2575 2692 2621 2851 saepe,
2562 2517 2607 2651 uelut
2579 2263 2623 2481 gemmas
2564 2122 2611 2223 eius
2565 1788 2629 2082 signumque
2570 1478 2630 1750 probarem,
2594 1187 2633 1235 25

2657 2700 2701 2785 per
2658 2469 2689 2665 causam
2644 2227 2691 2429 memini
2663 2110 2693 2187 me
2647 1858 2709 2072 tetigisse
2665 1588 2698 1819 manum:

2736 2709 2782 2853 saepe
2739 2538 2769 2670 mero
2740 2272 2771 2500 somnum
2726 2066 2788 2231 peperi
2727 1927 2786 2029 tibi,
2738 1838 2776 1887 at
2729 1697 2792 1801 ipse
2731 1426 2780 1657 bibebam

2802 2628 2850 2788 sobria
2804 2339 2866 2591 supposita
2810 2126 2868 2302 pocula
2808 1931 2856 2088 uictor
2827 1755 2872 1896 aqua.

2898 2757 2929 2853 non
2900 2628 2945 2717 ego
2896 2545 2932 2590 te
2886 2393 2933 2507 laesi
2890 2107 2948 2353 prudens:
2890 1857 2952 2056 ignosce
2893 1636 2940 1820 fatenti.

2962 2653 3011 2788 iussit
2968 2432 3014 2616 Amor:
2979 2212 3016 2382 contra
2970 2065 3031 2173 quis
2974 1908 3019 2026 ferat
2990 1737 3020 1870 arma
2976 1540 3023 1698 deos?
2999 1189 3039 1242 30

3043 2778 3092 2856 ille
3062 2652 3107 2741 ego
3063 2492 3105 2615 sum,
3065 2360 3096 2452 nec
3068 2244 3098 2321 me
3050 2109 3097 2203 iam
3052 1907 3101 2069 dicere
3072 1755 3102 1869 uera
3058 1497 3118 1717 pudebit,

3125 2581 3174 2790 instabat
3138 2441 3176 2543 tota
3131 2327 3178 2406 cui
3142 2208 3179 2289 tua
3144 2024 3181 2170 nocte
3135 1840 3183 1987 canis.

3206 2741 3267 2858 quid
3218 2538 3256 2702 tenera
3211 2415 3258 2502 tibi
3213 2168 3275 2376 coniuge
3219 1964 3276 2128 opus?
3226 1821 3264 1904 tua
3218 1747 3265 1783 si
3219 1576 3268 1706 bona
3222 1379 3270 1537 nescis

3304 2592 3347 2793 seruare,
3292 2378 3339 2550 frustra
3294 2190 3342 2341 clauis
3295 2026 3343 2151 inest
3298 1786 3347 1987 foribus.

3427 2704 3465 2807 7-32
3418 2565 3456 2675 lmnc
3419 2414 3457 2546 locum
3427 2344 3458 2379 et
3424 2168 3471 2322 prioris
3426 1944 3463 2143 carminis
3426 1792 3474 1926 finem
3430 1614 3478 1767 respicit
3429 1412 3469 1591 Ouidius
3433 1268 3472 1383 Tt‘z‘sl.
3436 1204 3473 1240 ii.

3475 2678 3519 2862 447-462
3487 2489 3522 2509 7
3474 2322 3514 2455 iurata
3478 2160 3526 2301 Hom
3479 2044 3516 2139 duce
3480 1870 3518 2021 Ouidio
3496 1772 3531 1848 447
3496 1744 3521 1753 :
3490 1629 3521 1711 tam
3486 1474 3523 1603 multa
3486 1402 3522 1441 A
3503 1198 3527 1245 10

3524 2755 3561 2862 cheu
3526 2519 3564 2723 Barla-ens
3544 2308 3567 2349 11
3538 2176 3570 2273 tunc
3538 2086 3582 2143 gb:
3548 1946 3571 2053 nune
3536 1875 3573 1915 A
3540 1641 3575 1688 16
3540 1497 3587 1610 nihil,
3541 1200 3590 1461 1‘11tc17nmm':

3578 2751 3618 2861 nihil.
3582 2602 3630 2725 uulgo
3586 2402 3620 2448 18
3585 2277 3623 2370 laxo
3587 2206 3622 2245 A
3601 2173 3624 2180 :
3589 2031 3626 2140 lasso
3594 1973 3639 2001 ψ
3604 1786 3628 1832 21
3606 1626 3641 1751 quum
3597 1455 3643 1599 (quom
3596 1205 3633 1431 Francken

3644 2736 3680 2863 saepe
3639 2663 3683 2702 ip,
3636 2499 3673 2618 haud
3639 2385 3675 2463 scio
3653 2290 3676 2347 an
3647 2156 3678 2249 reste
3657 1861 3693 1910 25
3646 1608 3694 1829 signumue
3653 1538 3697 1565 ’ψ
3649 1385 3697 1496 quod
3651 1200 3687 1351 exln'bct

3685 2685 3724 2861 Ouidius
3702 2626 3728 2664 u.
3704 2526 3738 2598 451
3706 2283 3740 2335 32
3695 2072 3735 2248 latrabat
3697 1841 3735 2048 Baehrens
3714 1774 3736 1821 ex
3700 1604 3739 1752 Om'dz'o
3716 1541 3741 1580 lt.
3716 1438 3751 1517 459
3717 1209 3752 1274 33,

3751 2814 3787 2865 34
3748 2714 3778 2782 tua
3772 2685 3779 2692 .
3773 2651 3781 2659 .
3773 2615 3781 2624 .
3746 2430 3784 2588 foribus
3747 2252 3786 2400 habent
3750 2161 3788 2232 Ff.
3763 1937 3799 1989 34
3760 1864 3791 1904 et
3754 1689 3792 1841 frustra
3759 1641 3806 1668 ψ

3820 2602 3849 2810 TIBVLLVS
