5010 3336
4019 1470 4067 1965 PANEGYRICVS
4020 2005 4067 2412 MEssALLAE

3884 1467 3923 1569 aret
3884 1605 3931 1862 Araccaeis
3885 1900 3923 1982 aut
3884 2019 3930 2152 unda
3883 2190 3933 2440 †caristia†
3871 2477 3934 2673 campis.

3804 1467 3835 1558 nec
3790 1595 3835 1691 qua
3790 1728 3835 1873 regna
3790 1910 3835 2034 uago
3790 2071 3851 2292 Tamyris
3806 2330 3853 2487 finiuit
3796 2524 3851 2693 Araxe,

3711 1467 3773 1616 impia
3724 1652 3755 1743 nec
3725 1781 3772 1937 saeuis
3725 1974 3771 2225 celebrans
3726 2262 3773 2491 conuiuia
3726 2529 3773 2708 mensis

3645 1467 3691 1638 ultima
3645 1675 3691 1865 uicinus
3645 1906 3691 2109 Phoebo
3646 2147 3683 2278 tenet
3646 2315 3675 2430 arua
3634 2468 3690 2705 Padaeus,
3637 3051 3676 3123 145

3550 1470 3594 1664 quaque
3564 1704 3611 1905 Hebrus
3551 1942 3611 2223 Tanaisque
3565 2263 3610 2411 Getas
3551 2450 3612 2568 rigat
3551 2605 3602 2752 atque
3552 2790 3611 3046 Magynos.

3470 1467 3530 1585 quid
3484 1624 3529 1821 moror?
3484 1892 3531 2120 Oceanus
3471 2158 3523 2311 ponto
3471 2348 3515 2445 qua
3485 2481 3533 2700 continet
3475 2737 3532 2920 orbem,

3404 1466 3449 1599 nulla
3404 1636 3451 1723 tibi
3404 1761 3452 1977 aduersis
3391 2015 3452 2146 regio
3405 2183 3435 2287 sese
3405 2325 3450 2492 offeret
3405 2528 3451 2686 armis.

3324 1469 3361 1516 te
3324 1554 3361 1719 manet
3325 1757 3372 1967 inuictus
3324 2008 3369 2238 Romano
3325 2277 3361 2429 marte
3325 2469 3372 2729 Britannus

3229 1467 3280 1613 teque
3244 1650 3291 1903 interiecto
3245 1940 3292 2112 mundi
3230 2150 3275 2258 pars
3245 2295 3289 2444 altera
3245 2480 3289 2594 sole.
3233 3052 3273 3127 150

3164 1466 3193 1579 nam
3164 1618 3211 1914 circumfuso
3164 1951 3212 2171 consistit
3165 2209 3212 2257 in
3164 2293 3194 2401 aere
3165 2439 3210 2580 tellus

3082 1467 3121 1514 et
3069 1552 3131 1769 quinque
3085 1806 3131 1856 in
3070 1893 3123 2052 partes
3084 2090 3122 2194 toto
3070 2232 3131 2506 disponitur
3084 2542 3131 2673 orbe.

2988 1466 3041 1614 atque
3003 1651 3049 1777 duae
2990 1814 3051 1976 gelido
3003 2014 3042 2264 uastantur
2990 2301 3051 2474 frigore
2989 2512 3035 2734 semper:

2922 1466 2970 1563 illic
2922 1601 2961 1647 et
2923 1684 2969 1838 densa
2924 1874 2970 2015 tellus
2924 2052 2971 2370 absconditur
2914 2405 2971 2591 umbra,

2842 1467 2880 1515 et
2843 1552 2888 1684 nulla
2830 1721 2890 1918 incepto
2830 1956 2891 2218 perlabitur
2844 2255 2890 2388 unda
2830 2424 2891 2625 liquore,
2834 3052 2873 3127 1¹³5

2761 1468 2807 1554 sed
2762 1592 2807 1764 durata
2749 1800 2811 1920 riget
2764 1958 2810 2161 densam
2766 2200 2812 2248 in
2751 2286 2811 2589 glaciemque
2750 2625 2812 2905 niuemque,

2667 1468 2729 1650 quippe
2683 1688 2730 1771 ubi
2684 1809 2714 1909 non
2671 1948 2715 2183 umquam
2685 2221 2732 2367 Titan
2670 2406 2715 2549 super
2670 2586 2731 2734 egerit
2684 2770 2721 2917 ortus.

2602 1466 2639 1515 at
2602 1553 2649 1715 media
2603 1753 2641 1825 est
2603 1866 2651 2054 Phoebi
2590 2092 2635 2284 semper
2604 2321 2651 2540 subiecta
2592 2577 2651 2738 calori,

2521 1467 2551 1552 seu
2507 1590 2570 1787 propior
2523 1824 2571 1959 terris
2524 1997 2571 2238 aestiuum
2524 2276 2569 2424 fertur
2525 2460 2571 2509 in
2524 2547 2570 2717 orbem

2441 1466 2471 1551 seu
2442 1589 2487 1716 celer
2443 1751 2490 1979 hibernas
2429 2018 2482 2243 properat
2444 2280 2489 2534 decurrere
2443 2571 2496 2733 luces:
2444 3050 2483 3125 163

2360 1468 2390 1569 non
2347 1606 2409 1749 igitur
2348 1784 2393 1952 presso
2364 1990 2407 2131 tellus
2349 2170 2410 2379 exsurgit
2351 2416 2401 2589 aratro,

2280 1466 2310 1556 nec
2266 1593 2325 1779 frugem
2268 1817 2319 2003 segetes
2268 2041 2328 2275 praebent
2268 2312 2312 2473 neque
2268 2509 2329 2688 pabula
2281 2725 2321 2909 terrae:

2199 1466 2230 1567 non
2201 1604 2248 1701 illic
2201 1739 2249 1853 colit
2202 1890 2232 2005 arua
2192 2042 2247 2175 deuS‚
2202 2220 2247 2507 Bacchusue
2192 2546 2248 2772 Ceresue,

2120 1466 2165 1564 ulla
2120 1600 2151 1690 nec
2121 1729 2159 1919 exustas
2122 1957 2169 2179 habitant
2122 2216 2169 2445 animalia
2107 2482 2159 2652 partes.

2039 1466 2087 1633 fertilis
2041 1671 2086 1798 hanc
2042 1836 2089 1959 inter
2027 1996 2088 2154 posita
2042 2191 2079 2262 est
2027 2299 2089 2521 interque
2027 2559 2089 2767 rigentes
2030 3050 2082 3123 165

1946 1467 1997 1730 nostraque
1960 1768 1999 1815 et
1961 1851 2008 1965 huic
1961 2002 2006 2207 aduersa
1961 2245 2006 2349 solo
1947 2387 1991 2506 pars,
1961 2532 2005 2681 altera
1950 2718 1999 2898 nostro,

1865 1468 1909 1587 quas
1879 1627 1927 1794 similis
1867 1832 1928 2076 utrimque
1880 2114 1918 2285 tenens
1880 2323 1927 2503 uicinia
1881 2539 1927 2660 caeli

1785 1467 1837 1719 temperat,
1800 1758 1845 1877 alter
1800 1914 1837 1960 et
1800 1996 1847 2190 alterius
1800 2228 1847 2353 uires
1800 2391 1839 2533 necat
1800 2569 1831 2678 aer:

1670 1525 1705 1598 142
1681 1627 1712 1716 aret
1682 1738 1719 1894 Lachm
1683 1913 1705 1981 rm]
1682 2003 1704 2010 ;
1682 2043 1719 2268 Araccaeis
1669 2292 1719 2430 scripsi
1670 2448 1719 2688 [Areccaeis
1683 2702 1722 2938 Salmasius
1683 2957 1706 2964 :
1682 2994 1721 3122 Arec-

1626 1466 1663 1547 teis
1615 1577 1664 1773 §caligem
1628 1796 1650 1803 :
1628 1835 1662 1951 ardet
1628 1973 1663 2152 arectais
1628 2175 1664 2234 F:
1628 2266 1665 2429 Creteis
1628 2452 1664 2569 ardet
1630 2600 1665 2638 A
1629 2666 1666 2911 Cm'act'amts
1629 3062 1653 3125 ca-

1572 1468 1609 1583 ristia
1574 1613 1610 1683 A:
1562 1715 1610 1958 perhospita
1574 1988 1611 2049 F:
1561 2082 1612 2337 scribendum
1575 2360 1612 2520 uidetur
1575 2548 1611 2717 Oroatia
1565 2860 1600 2934 143
1575 2965 1612 3124 tamiris

1520 1468 1556 1509 A
1519 1536 1542 1543 :
1510 1573 1556 1767 Tomyris
1509 1798 1554 1826 ψ
1511 2106 1555 2177 146
1510 2208 1558 2417 Magynos
1522 2447 1558 2509 F:
1512 2542 1559 2731 Maginos
1523 2761 1559 2801 A
1522 2826 1545 2833 :
1511 2866 1559 3067 Mosynos
1516 3096 1557 3124 ψ

1455 1473 1491 1543 151
1466 1579 1502 1752 considit
1457 1784 1499 1812 ψ
1468 1844 1500 1936 rrcle
1469 1959 1501 2003 ut
1468 2032 1504 2195 uidetur
1458 2413 1494 2485 157
1458 2518 1492 2646 super
1458 2667 1505 2802 egerit
1470 2834 1501 2878 nt
1469 2899 1506 3061 uidetur
1469 3089 1506 3130 F

1400 1469 1447 1513 cf
1402 1536 1449 1670 Praef.
1414 1793 1449 1861 161
1404 1896 1450 2022 igitur
1415 2052 1450 2113 F:
1404 2145 1439 2245 ergo
1415 2276 1452 2316 A
1405 2461 1451 2535 164
1404 2567 1453 2695 111Ῑᾶῑρ
1415 2720 1437 2728 :
1415 2770 1452 2881 nulla
1417 2903 1453 2942 A
1406 3049 1451 3123 165

1347 1471 1394 1659 rigentes
1360 1680 1397 1720 A
1360 1747 1385 1859 matt.
1349 1885 1396 2037 prima,
1361 2066 1398 2234 Flami:
1351 2265 1397 2471 rigentem
1363 2501 1399 2542 A
1362 2576 1386 2689 man.
1360 2715 1399 2781 alt.
1350 2817 1395 2845 ψ
1361 2879 1399 3125 Cm‘acicmus

1294 1475 1339 1548 167
1294 1581 1341 1779 utrinque
1294 1797 1331 1830 g
1308 1860 1344 2105 Cm‘acianus
1308 2134 1344 2273 Plant.
1308 2297 1331 2305 :
1297 2338 1345 2502 utrique
1309 2532 1346 2573 A
1309 2809 1346 2884 168
1308 2913 1345 3020 alter
1310 3047 1346 3088 A
1309 3114 1333 3122 :

1251 1472 1288 1644 alteram
1253 1666 1289 1707 F
1254 1837 1285 1957 necat
1240 1986 1289 2041 ψε
1243 2072 1286 2197 negat
1255 2226 1292 2266 A
