5010 3336
4024 1503 4071 1825 LYGDAMI
4022 1878 4068 2183 ELEGIAE

3888 1498 3934 1584 sed
3874 1622 3935 1830 primum
3887 1872 3934 2090 meritam
3872 2129 3932 2257 larga
3886 2294 3932 2475 donate
3886 2512 3932 2667 salute

3793 1562 3846 1709 atque
3807 1747 3852 1867 haec
3806 1906 3854 2151 submisso
3806 2188 3854 2335 dicite
3806 2373 3853 2523 uerba
3806 2560 3836 2711 sono:

3728 1500 3773 1647 ‘haec
3728 1685 3774 1771 tibi
3728 1810 3774 1882 uir
3713 1920 3772 2186 quondam,
3727 2228 3756 2358 nunc
3715 2397 3771 2550 frater,
3725 2592 3763 2724 casta
3714 2763 3771 2964 Neaera,

3649 1563 3696 1708 mittit
3648 1745 3686 1791 et
3634 1827 3695 2038 accipias
3647 2076 3677 2279 munera
3632 2314 3677 2463 parua
3631 2500 3683 2647 rogat,

3556 1495 3607 1641 teque
3569 1676 3616 1774 suis
3569 1812 3616 1935 iurat
3568 1973 3598 2134 caram
3553 2172 3614 2324 magis
3566 2362 3597 2467 esse
3554 2506 3612 2751 medullis,
3562 3101 3592 3147 ετ,

3489 1560 3537 1663 siue
3490 1700 3536 1791 sibi
3489 1828 3535 2043 coniunx
3488 2079 3535 2181 siue
3488 2219 3533 2378 futura
3487 2414 3518 2579 soror:

3411 1492 3456 1578 sed
3396 1615 3457 1776 potius
3410 1814 3457 2060 coniunx:
3409 2110 3456 2253 huius
3395 2291 3439 2427 spem
3408 2466 3456 2679 nominis
3408 2716 3456 2783 illi

3329 1558 3375 1740 auferet
3328 1777 3376 1991 extincto
3313 2028 3375 2210 pallida
3327 2249 3375 2375 Ditis
3312 2411 3372 2567 aqua.’

3184 2159 3230 2211 II

3080 1490 3138 1590 er
3077 1630 3139 1813 primus
3091 1851 3121 2011 caram
3090 2050 3139 2215 iuueni
3075 2253 3120 2517 carumque
3074 2554 3135 2745 puellae

2996 1554 3059 1728 eripuit
2999 1766 3059 2013 iuuenem,
3010 2051 3056 2229 ferreus
3010 2267 3057 2346 ille
3010 2383 3057 2485 fuit.

2931 1488 2976 1636 durus
2930 1674 2968 1721 et
2930 1758 2978 1837 ille
2922 1875 2978 1976 fuit,
2916 2018 2977 2101 qui
2930 2139 2967 2327 tantum
2929 2366 2974 2487 ferre
2919 2524 2975 2759 dolorem,

2850 1555 2898 1721 uiuere
2850 1760 2887 1806 et
2835 1845 2887 2009 erepta
2835 2047 2897 2254 coniuge
2834 2291 2896 2373 qui
2833 2411 2895 2583 potuit.

2770 1487 2800 1585 non
2755 1624 2800 1714 ego
2770 1752 2815 1918 firmus
2770 1956 2817 2004 in
2758 2043 2815 2154 hoc,
2769 2190 2799 2291 non
2768 2329 2814 2450 haec
2754 2487 2816 2720 patientia
2767 2756 2807 2922 nostro
2760 3124 2795 3144 5

2675 1552 2737 1781 ingenio:
2675 1830 2737 2003 frangit
2690 2041 2737 2182 fortia
2689 2220 2735 2368 corda
2688 2404 2734 2556 dolor.

2611 1486 2641 1574 nec
2612 1613 2658 1732 mihi
2611 1770 2641 1883 uera
2597 1920 2658 2054 loqui
2596 2093 2656 2252 pudor
2610 2288 2647 2359 est
2595 2396 2656 2624 uitaeque
2600 2660 2655 2810 fateri,

2530 1550 2569 1621 tot
2530 1659 2575 1786 mala
2515 1822 2561 2093 perpessae,
2530 2134 2577 2295 taedia
2528 2330 2567 2443 nata
2528 2480 2559 2633 meae.

2436 1482 2480 1595 ergo
2450 1633 2480 1745 cum
2450 1784 2488 1982 tenuem
2450 2020 2495 2156 fuero
2450 2194 2487 2408 mutatus
2450 2446 2496 2494 in
2447 2532 2494 2755 umbram

2354 1548 2415 1859 candidaque
2369 1897 2399 2006 ossa
2355 2043 2399 2187 super
2353 2223 2415 2355 nigra
2367 2394 2415 2557 fauilla
2353 2593 2405 2734 teget,
2366 3098 2392 3144 10

2287 1481 2325 1593 ante
2287 1631 2317 1796 meum
2288 1835 2335 2000 ueniat
2274 2037 2334 2209 longos
2273 2246 2335 2497 incompta
2273 2535 2334 2736 capillos

2206 1548 2245 1595 et
2206 1632 2252 1744 fleat
2207 1780 2244 1893 ante
2208 1931 2238 2096 meum
2207 2135 2244 2319 maesta
2206 2357 2252 2547 Neaera
2190 2583 2237 2767 rogum.

2126 1476 2172 1567 sed
2127 1604 2174 1768 ueniat
2127 1805 2157 1943 carae
2128 1981 2175 2145 matris
2127 2182 2175 2414 comitata
2126 2449 2172 2647 dolore:

2046 1548 2084 1759 maereat
2047 1796 2092 1917 haec
2033 1954 2077 2145 genero,
2046 2187 2084 2399 maereat
2046 2436 2094 2515 illa
2046 2552 2093 2669 uiro.

1951 1481 2009 1722 praefatae
1965 1758 2002 1871 ante
1965 1910 1995 2045 meos
1965 2084 1996 2251 manes
1948 2288 2012 2603 animamque
1964 2639 2002 2882 recentem
1953 3094 1989 3139 15

1870 1547 1929 1868 perfusaeque
1870 1906 1932 2008 pias
1885 2045 1922 2158 ante
1870 2196 1932 2383 liquore
1874 2422 1914 2608 manus,

1791 1480 1835 1586 pars
1790 1625 1835 1751 quae
1804 1788 1849 1889 sola
1805 1927 1853 2021 mei
1792 2060 1852 2307 superabit
1790 2344 1851 2573 corporis,
1804 2612 1835 2722 ossa

1724 1544 1771 1787 incinctae
1710 1825 1771 1958 nigra
1724 1995 1771 2207 candida
1723 2243 1761 2379 ueste
1708 2416 1767 2589 legent,

1643 1478 1681 1523 et
1629 1562 1691 1772 primum
1644 1810 1675 1998 annoso
1630 2037 1681 2263 spargent
1643 2300 1688 2503 collecta
1629 2540 1688 2692 lyaeo,

1564 1544 1594 1657 mox
1564 1692 1612 1838 etiam
1565 1877 1612 2022 niueo
1563 2060 1609 2263 fundere
1563 2301 1609 2424 lacte
1549 2461 1599 2644 parent,
1561 3084 1588 3133 20

1446 1528 1470 1575 21
1447 1611 1483 1798 meritam
1435 1824 1471 1876 g:
1447 1913 1485 2107 meritum
1449 2138 1486 2179 A
1446 2349 1482 2400 26
1446 2429 1483 2507 sibi
1433 2534 1469 2589 g:
1445 2622 1482 2695 tibi
1446 2726 1483 2766 A

1393 1528 1430 1565 11
1384 1602 1418 1632 1,
1394 1671 1418 1694 2
1394 1725 1430 1870 habent
1394 1906 1430 1974 Fr.
1384 2173 1419 2197 5
1394 2228 1431 2270 in
1395 2309 1431 2350 A
1382 2394 1429 2531 patien
1392 2572 1424 2737 tantum
1391 2778 1416 2803 a
1379 2826 1429 2966 prima
1389 2997 1414 3129 manu

1339 1472 1371 1540 tea
1339 1574 1375 1647 ffiro
1339 1679 1377 1729 ab
1339 1761 1375 1887 altera
1340 1919 1377 2043 erasis
1327 2068 1373 2159 post
1340 2188 1364 2239 en
1341 2264 1365 2313 111
1340 2337 1376 2401 uel
1339 2419 1364 2463 ιν
1338 2482 1375 2619 litteris
1338 2639 1371 2674 et
1338 2700 1371 2796 nota
1325 2816 1361 2917 quae
1326 2936 1368 3059 super
1335 3077 1359 3126 en

1285 1470 1318 1655 steterat:
1274 1698 1322 1899 patientia
1286 1932 1317 2074 nostro
1286 2120 1323 2163 V:
1275 2210 1323 2417 patiemur
1285 2450 1317 2490 et
1274 2522 1309 2655 aequo
1276 2686 1318 2713 ψ
1284 2912 1318 2938 6
1271 2970 1320 3126 frangit

1232 1471 1269 1591 sortia
1232 1613 1267 1739 corda
1232 1763 1269 1883 dolor
1232 1911 1269 2058 habent
1232 2077 1270 2174 Par.
1222 2335 1257 2355 7
1231 2382 1262 2445 est
1219 2468 1255 2523 g:
1230 2555 1255 2635 om.
1231 2661 1268 2700 A
1228 2873 1254 2921 10
1215 2951 1254 3129 supet-g

1168 1474 1204 1520 15
1177 1553 1209 1763 recentem
1167 1795 1215 1952 scripsi:
1167 1987 1210 2129 rogate
1178 2159 1217 2229 A:
1167 2261 1208 2457 precatae
1165 2480 1201 2515 g
