5010 3336
1050 2779 1097 2843 illi
1050 2644 1099 2740 sint
1051 2402 1100 2607 comites
1051 2228 1111 2364 fusci,
1068 2062 1113 2186 quos
1052 1878 1099 2021 India
1060 1693 1099 1840 torret

1132 2652 1179 2777 Solis
1142 2567 1180 2614 ct
1132 2317 1181 2531 admotis
1132 2124 1180 2278 inficit
1132 1964 1195 2087 ignis
1132 1754 1195 1925 equis:

1211 2781 1257 2846 illi
1215 2537 1261 2744 selectos
1223 2313 1261 2501 certent
1214 2043 1275 2276 praebere
1216 1817 1261 2006 colores

1294 2615 1354 2778 Africa
1294 2314 1356 2579 puniceum
1311 1875 1357 2275 purpureumque
1296 1670 1357 1838 Tyros.

1385 2731 1422 2848 nota
1377 2491 1437 2694 loquor:
1393 2237 1438 2440 regnum
1376 2094 1438 2197 ipse
1386 1906 1436 2056 tenet,
1393 1721 1438 1868 quem
1393 1535 1439 1681 saepe
1378 1338 1439 1498 coegit

1456 2580 1503 2781 barbara
1467 2316 1519 2545 gypsatos
1459 2156 1504 2278 ferre
1467 1935 1505 2119 catasta
1459 1734 1519 1899 pedes.
1466 1180 1505 1232 (ω

1547 2804 1583 2853 at
1536 2667 1595 2767 tibi,
1539 2504 1585 2626 dura
1554 2316 1599 2467 segeS,
1538 2018 1585 2273 Nemesim
1555 1852 1600 1979 quae
1538 1608 1586 1816 abducis
1539 1508 1586 1571 ab
1540 1338 1595 1469 urbe,

1620 2540 1679 2785 persoluat
1620 2369 1666 2502 nulla
1618 2144 1666 2333 semina
1621 1957 1667 2107 Terra
1620 1810 1666 1920 fide.

1708 2807 1745 2854 et
1708 2702 1757 2769 tu,
1701 2468 1746 2662 Bacche
1709 2282 1757 2430 tener,
1698 1995 1746 2239 iucundae
1699 1740 1747 1957 consitor
1718 1564 1759 1703 uuae,

1789 2736 1826 2786 tu
1796 2497 1842 2695 quoque
1782 2236 1837 2459 deuotos‚
1782 1984 1839 2193 Bacche,
1780 1722 1842 1943 relinque
1782 1539 1828 1685 lacus.

1862 2724 1907 2856 haud
1860 2484 1922 2685 impune
1860 2335 1908 2446 licet
1862 2058 1908 2295 formosas
1860 1802 1909 2021 tristibus
1861 1640 1923 1765 agris
1872 1189 1919 1238 65

1942 2581 1990 2792 abdere:
1959 2430 1989 2530 non
1941 2272 1988 2391 tanti
1952 2120 1989 2233 sunt
1952 1999 1989 2082 tua
1952 1788 2001 1962 musta,
1953 1598 2005 1747 pater.

2039 2828 2069 2858 o
2024 2596 2070 2791 ualeant
2024 2387 2085 2559 fruges,
2040 2284 2070 2346 ne
2022 2150 2069 2246 sint
2025 1960 2071 2112 modo
2040 1815 2070 1923 rure
2026 1557 2086 1778 puellae:

2104 2656 2165 2793 glans
2105 2523 2151 2619 alat
2113 2438 2151 2485 et
2103 2241 2165 2401 prisco
2121 2068 2151 2202 more
2103 1798 2151 2029 bibantur
2121 1591 2166 1762 aquae.

2185 2725 2245 2862 glans
2184 2570 2231 2688 aluit
2192 2329 2242 2533 uetereS‚
2193 2242 2231 2288 et
2184 2023 2247 2204 passim
2201 1790 2246 1984 semper
2195 1500 2233 1756 amarunt:

2264 2673 2326 2793 quid
2265 2467 2313 2635 nocuit
2267 2268 2313 2430 sulcos
2282 2130 2312 2229 non
2265 1861 2313 2092 habuisse
2268 1652 2313 1823 satos?
2287 1189 2328 1235 70

2355 2732 2403 2862 tunc,
2346 2512 2408 2691 quibus
2346 2230 2408 2475 aspirabat
2350 2025 2405 2194 Amor,
2347 1716 2409 1984 praebebat
2356 1513 2410 1680 aperte

2426 2666 2473 2794 mitis
2426 2579 2473 2628 in
2427 2309 2474 2541 umbrosa
2426 2095 2489 2273 gaudia
2429 1931 2475 2058 ualle
2430 1710 2475 1894 Venus.

2509 2702 2555 2863 nullus
2516 2564 2555 2664 erat
2518 2348 2566 2527 custos,
2510 2174 2555 2307 nulla
2510 1884 2555 2137 exclusura
2510 1622 2557 1847 dolentes

2590 2620 2638 2797 ianua:
2589 2531 2638 2570 si
2592 2425 2637 2494 fas
2599 2302 2648 2386 est,
2607 2153 2638 2259 mos
2607 1942 2653 2115 precor
2590 1827 2639 1907 ille
2591 1672 2639 1790 redi.

2753 2600 2801 2797 horrida
2753 2391 2802 2565 uillosa
2770 2148 2817 2353 corpora
2764 1975 2802 2112 ueste
2763 1758 2817 1937 tegant.

2852 2735 2883 2864 nunc
2835 2658 2882 2697 si
2837 2455 2883 2621 clausa
2852 2308 2883 2418 mea
2845 2186 2895 2271 est,
2835 2105 2883 2143 si
2835 1925 2898 2068 copia
2853 1784 2883 1888 rara
2836 1528 2897 1747 uidendi,

2919 2703 2964 2798 heu
2916 2418 2975 2665 miserum,
2919 2220 2964 2378 laxam
2916 2060 2979 2180 quid
2916 1887 2964 2023 iuuat
2934 1744 2966 1850 esse
2920 1500 2981 1706 togam?

2998 2672 3046 2866 ducite:
3000 2561 3046 2625 ad
2998 2265 3060 2524 imperium
2998 1994 3046 2227 dominae
2998 1657 3047 1958 sulcabimus
3017 1447 3063 1620 agros:

3097 2700 3128 2799 non
3096 2571 3143 2663 ego
3097 2455 3128 2534 me
3079 2245 3127 2418 uinclis
3079 1820 3143 2206 uerberibusque
3098 1643 3144 1783 nego.
3092 1198 3129 1249 >30

3223 2762 3259 2813 59
3223 2625 3248 2732 uana
3210 2388 3248 2596 Rossbach
3210 2124 3258 2272 loquor
3212 2040 3259 2096 ψε
3210 1871 3258 2008 liquor
3210 1802 3246 1842 A
3210 1643 3249 1713 ille
3210 1428 3260 1607 Guyettcs
3225 1202 3259 1325 quem

3278 2814 3313 2873 g:
3278 2704 3313 2784 quc
3264 2633 3301 2673 A
3268 2409 3302 2463 60
3264 2193 3313 2379 gipsatos
3265 2014 3302 2161 habent
3265 1922 3303 1993 Fr.
3279 1889 3302 1897 z
3264 1670 3314 1858 bipsatos
3266 1600 3302 1640 Α
3267 1354 3302 1402 61
3267 1200 3303 1320 inter-

3320 2736 3368 2875 punxz'
3324 2674 3357 2719 ut
3320 2552 3357 2654 dura
3332 2398 3367 2521 seges
3326 2290 3369 2370 pro
3320 2076 3356 2262 uocatsuo
3319 1818 3370 2043 acapz‘atnr,
3320 1746 3368 1791 cs.
3320 1568 3367 1725 Jom'n.
3319 1400 3359 1545 Pln'lol.
3326 1346 3358 1371 t.
3321 1205 3365 1318 xxvi,

3380 2835 3422 2875 p.
3374 2731 3411 2804 188
3374 2404 3413 2618 Nemesim
3377 2316 3423 2372 ψ;
3374 2101 3411 2285 nemesis
3374 2030 3409 2069 A
3387 1808 3422 1915 quae
3378 1726 3425 1777 ils:
3375 1624 3422 1694 qui
3374 1553 3411 1594 A
3375 1290 3412 1463 abducis
3380 1202 3419 1256 ᾡς

3428 2703 3465 2869 abducit
3428 2634 3465 2674 A
3430 2440 3466 2492 62
3434 2297 3466 2410 terra
3428 2195 3466 2267 A:
3434 2036 3465 2153 certa
3430 1980 3477 2009 ψ
3429 1831 3477 1948 uulg.
3430 1636 3466 1690 68
3435 1564 3467 1605 et
3428 1375 3467 1534 addidit
3442 1203 3467 1354 manus

3482 2744 3519 2869 altera
3482 2682 3518 2722 in
3482 2619 3519 2659 A
3494 2401 3531 2448 74
3488 2343 3520 2379 ct
3483 2272 3531 2321 76
3483 2032 3521 2241 coniuncta
3483 1925 3521 2010 sine
3482 1687 3522 1905 interuallo
3498 1626 3522 1669 m
3483 1564 3521 1604 A
3484 1350 3531 1398 78
3483 1280 3520 1317 iu
3491 1206 3521 1270 usit

3535 2815 3572 2861 V:
3535 2668 3575 2781 iuuet
3536 2598 3574 2638 A
