5010 3336
3982 1464 4029 1747 TIBVLLI

3844 1465 3891 1607 Delia
3842 1643 3872 1742 non
3824 1781 3871 1987 usquam
3824 2027 3869 2165 quae,
3836 2207 3867 2285 me
3836 2323 3866 2433 cum
3833 2474 3882 2683 mitteret
3821 2721 3879 2855 urbe,

3763 1527 3810 1703 dicitur
3760 1738 3798 1851 ante
3759 1890 3789 2061 omnes
3756 2099 3803 2401 consuluisse
3754 2439 3800 2571 deos
3753 3066 3781 3112 10

3688 1460 3735 1541 illa
3685 1578 3716 1734 sacras
3669 1773 3730 1907 pueri
3682 1946 3718 2097 sortes
3681 2136 3718 2206 ter
3678 2244 3725 2467 sustulit:
3678 2519 3725 2583 illi

3606 1525 3652 1706 rettulit
3605 1744 3635 1770 e
3604 1808 3651 1942 trinis
3602 1980 3649 2145 omnia
3601 2182 3637 2311 certa
3585 2348 3629 2479 puer.

3526 1457 3563 1634 cuncta
3525 1671 3571 1855 dabant
3522 1892 3570 2107 reditus:
3521 2158 3559 2321 tamen
3520 2360 3555 2430 est
3517 2469 3565 2695 deterrita
3501 2732 3547 3000 numquam

3432 1522 3493 1639 quin
3445 1680 3490 1813 fleret
3442 1851 3480 2038 nostras
3425 2078 3488 2437 respiceretque
3438 2465 3485 2581 uias.

3351 1454 3412 1556 ipse
3350 1593 3395 1683 ego
3353 1722 3409 1914 solator,
3362 1954 3393 2064 cum
3362 2104 3409 2199 iam
3358 2240 3404 2471 mandata
3346 2508 3404 2766 dedissem,
3344 3061 3380 3105 ¹5

3271 1519 3331 1815 quaerebam
3282 1854 3328 2013 tardas
3280 2050 3327 2219 anxius
3264 2257 3309 2412 usque
3277 2450 3308 2622 moras.

3205 1451 3242 1533 aut
3190 1572 3235 1663 ego
3204 1701 3233 1807 sum
3201 1847 3239 2071 causatus
3200 2108 3230 2223 aues
3199 2260 3235 2343 aut
3197 2382 3245 2546 omina
3197 2584 3244 2685 dira

3122 1518 3171 1775 Saturniue
3122 1813 3153 1997 sacram
3120 2036 3150 2114 me
3117 2152 3165 2365 tenuisse
3117 2402 3164 2547 diem.

3045 1449 3074 1477 O
3029 1516 3090 1743 quotiens
3026 1779 3090 2022 ingressus
3038 2059 3086 2147 iter
3038 2184 3085 2303 mihi
3036 2342 3084 2492 tristia
3036 2535 3083 2632 dixi

2961 1515 3007 1755 offensum
2961 1794 3008 1842 in
2945 1881 2997 2019 porta
2943 2055 3005 2191 signa
2955 2224 3003 2418 dedisse
2941 2456 3001 2664 pedem!
2952 3056 2978 3104 20

2881 1445 2926 1622 audeat
2880 1660 2927 1816 inuito
2879 1854 2909 1915 ne
2864 1952 2926 2060 quis
2875 2099 2925 2349 discedere
2864 2387 2920 2583 Amore,

2800 1511 2837 1593 aut
2799 1631 2847 1750 sciat
2784 1788 2829 2032 egressum
2797 2072 2827 2122 se
2781 2159 2842 2450 prohibente
2793 2488 2839 2596 deo.

2705 1444 2767 1561 quid
2719 1600 2756 1682 tua
2718 1720 2748 1851 nunc
2717 1891 2764 1981 Isis
2704 2020 2763 2151 mihi,
2704 2195 2761 2353 Delia,
2698 2392 2760 2511 quid
2712 2548 2760 2667 mihi
2696 2704 2746 2907 prosunt

2639 1509 2686 1589 illa
2638 1626 2676 1708 tua
2637 1744 2685 1922 totiens
2636 1959 2666 2069 aera
2621 2106 2679 2297 repulsa
2621 2333 2664 2494 manu,

2544 1441 2606 1638 quidue,
2544 1679 2605 1756 pie
2557 1794 2603 1913 dum
2556 1951 2587 2084 sacra
2544 2121 2602 2252 colis,
2538 2293 2583 2511 pureque
2551 2547 2599 2696 lauari
2536 3050 2575 3095 25

2466 1508 2513 1567 te,
2466 1610 2524 1823 memini,
2475 1866 2514 1913 et
2460 1950 2505 2071 puro
2472 2109 2520 2391 secubuisse
2470 2430 2515 2572 toro?

2387 1439 2428 1584 nunc,
2386 1625 2442 1729 dea,
2395 1772 2425 1902 nunc
2394 1940 2425 2165 succurre
2394 2202 2441 2321 mihi
2378 2360 2439 2493 (nam
2376 2534 2421 2678 posse
2388 2715 2438 2898 mederi

2302 1505 2363 1635 picta
2314 1671 2360 1818 docet
2299 1852 2360 2046 templis
2312 2085 2357 2236 multa
2310 2274 2357 2450 tabella
2292 2488 2356 2604 tuis)

2236 1442 2273 1493 ut
2235 1531 2265 1640 mea
2234 1676 2281 1867 uotiuas
2219 1904 2277 2188 persoluens
2230 2229 2277 2369 Delia
2228 2407 2259 2555 uoces

2154 1507 2192 1621 ante
2153 1659 2184 1815 sacras
2152 1852 2200 1952 lino
2151 1990 2189 2117 tecta
2150 2154 2196 2279 fores
2148 2317 2194 2484 sedeat
2133 3044 2171 3093 30

2060 1439 2122 1613 bisque
2073 1649 2121 1729 die
2072 1766 2117 1976 resoluta
2070 2010 2101 2175 comas
2069 2214 2117 2300 tibi
2066 2338 2116 2500 dicere
2065 2536 2112 2707 laudes

1978 1506 2041 1706 insignis
1992 1745 2039 1884 turba
1991 1921 2037 2098 debeat
1990 2136 2037 2183 in
1987 2225 2035 2411 Pharia.

1914 1433 1951 1482 at
1914 1518 1961 1637 mihi
1898 1675 1959 1925 contingat
1897 1962 1957 2141 patrios
1907 2180 1954 2424 celebrare
1904 2462 1951 2671 Penates

1816 1499 1877 1803 reddereque
1816 1839 1877 2042 antiquo
1827 2079 1864 2327 menstrua
1825 2363 1863 2467 tura
1824 2506 1871 2630 Lari.

1740 1432 1785 1579 quam
1753 1616 1799 1743 bene
1751 1782 1797 1990 Saturno
1749 2028 1798 2263 uiuebant
1733 2300 1777 2424 rege,
1730 2464 1793 2747 priusquam
1729 3036 1767 3084 35

1673 1498 1718 1639 tellus
1674 1677 1721 1724 in
1658 1763 1718 1930 longas
1670 1969 1708 2040 est
1654 2077 1713 2317 patefacta
1666 2354 1713 2489 uias!

1545 1483 1580 1509 9
1544 1539 1593 1652 cum]
1543 1684 1578 1806 quam
1550 1838 1589 1984 Dousa
1538 2008 1587 2105 fort.
1548 2145 1581 2236 recte
1547 2408 1570 2454 12
1545 2484 1582 2604 trinis
1541 2635 1582 2843 Muretus:
1542 2876 1580 3011 triuiis
1542 3041 1579 3082 A

1501 1430 1538 1570 omina
1501 1592 1525 1724 manu
1499 1746 1536 1870 altera
1497 1892 1533 1932 in
1495 1957 1519 2035 ras.
1496 2059 1532 2099 A
1494 2124 1517 2131 ε
1493 2162 1530 2298 omina
1493 2321 1525 2367 ut
1492 2387 1529 2549 uidetur
1492 2580 1529 2619 V
1480 2799 1514 2845 13
1478 2878 1513 3079 nusquam

1450 1435 1486 1474 V
1436 1670 1471 1716 14
1435 1748 1481 1848 quin
1442 1871 1481 1927 ed.
1440 1947 1479 2105 Aldina
1430 2131 1465 2231 1502
1438 2250 1460 2256 z
1439 2282 1463 2372 cum
1440 2396 1475 2435 A
1425 2573 1474 2885 despueretque
1421 2906 1472 3079 Haupt:

1381 1429 1424 1731 respueretque
1382 1761 1425 1789 ψ
1377 1950 1413 1994 17
1386 2026 1411 2124 aues
1386 2145 1417 2214 aut
1375 2244 1420 2299 ψτ
1384 2330 1409 2428 aues
1384 2450 1421 2547 dant
1385 2576 1421 2616 A
1382 2776 1418 2823 18
1380 2854 1419 3079 Saturnine

1329 1429 1377 1598 quidam
1327 1620 1375 1736 apud
1335 1752 1374 2063 Bronklzusinm
1333 2086 1355 2093 ε
1332 2125 1370 2293 Saturni
1333 2324 1368 2364 A
1332 2531 1355 2576 21
1330 2611 1354 2662 ne
1318 2686 1366 2776 quis
1318 2797 1363 2825 ψ
1329 2845 1351 2853 :
1328 2884 1352 2962 neu
1318 2987 1362 3079 quis

1288 1427 1324 1469 A
1286 1583 1310 1633 22
1283 1664 1321 1768 sciet
1269 1789 1320 1972 Doem'ng
1279 1999 1311 2091 recte
1268 2109 1310 2207 puto
1268 2372 1303 2421 25
1278 2453 1314 2547 dum
1264 2574 1300 2634 g:
1276 2665 1312 2785 deum
1276 2818 1313 2857 A
1263 2956 1298 3075 pure-

1223 1428 1257 1508 que
1230 1546 1270 1695 Iauaris
1229 1727 1261 1768 te
1218 1805 1263 2009 (memini)
1214 2043 1250 2148 puro
1223 2182 1249 2213 s.
1224 2239 1258 2357 toro?
1223 2390 1260 2623 Francken:
1211 2655 1259 2767 forle
1211 2801 1257 2967 quodue
1220 2994 1227 3001 .

1180 1429 1210 1469 te
1178 1492 1214 1659 memini
1176 1682 1208 1723 et
1165 1746 1199 1782 p.
1175 1808 1199 1838 s.
1174 1863 1206 1953 toro
1171 1973 1208 1983 3
1159 2178 1195 2229 29
1168 2259 1201 2405 noctes
1157 2436 1208 2617 Scaliger
1168 2635 1201 2727 recte
1156 2743 1199 2843 pulo
1156 3024 1201 3077 36

1112 1428 1163 1586 Tethys
1121 1606 1160 1835 Illarklancl
