5010 3336
4005 1472 4056 1967 PANEGYRICVS
4006 2008 4053 2415 MESSALLAE

3873 1469 3912 1553 aut
3858 1589 3919 1698 quis
3856 1735 3902 1918 equum
3856 1956 3916 2263 celeremque
3869 2298 3907 2403 arto
3854 2441 3900 2754 compescere
3868 2791 3915 2927 freno

3778 1469 3839 1622 possit
3791 1659 3829 1706 et
3790 1744 3835 1918 effusas
3790 1956 3835 2095 tardo
3776 2132 3837 2409 permittere
3789 2445 3835 2662 habenas

3698 1469 3760 1618 inque
3711 1656 3759 1815 uicem
3710 1854 3756 2004 modo
3709 2042 3755 2240 derecto
3708 2278 3754 2576 contendere
3694 2613 3739 2773 passu,

3633 1468 3663 1553 seu
3621 1591 3680 1751 libeat,
3631 1792 3661 1943 curuo
3630 1980 3677 2175 breuius
3628 2213 3665 2497 conuertere
3614 2533 3659 2662 gyro,

3539 1467 3600 1575 quis
3538 1612 3582 1792 parma,
3551 1834 3581 1919 seu
3550 1956 3596 2124 dextra
3550 2160 3597 2277 uelit
3549 2315 3580 2400 seu
3538 2438 3593 2589 laeua,
3537 2630 3595 2764 tueri,
3535 3073 3575 3124 95

3473 1466 3521 1569 siue
3472 1607 3517 1698 hac
3471 1736 3519 1838 siue
3471 1876 3519 1984 illac
3470 2023 3518 2187 ueniat
3455 2222 3516 2381 grauis
3454 2419 3517 2629 impetus
3458 2667 3513 2847 hastae,

3380 1464 3440 1683 amplior,
3392 1724 3429 1807 aut
3377 1845 3439 2031 signata
3391 2067 3438 2162 cita
3389 2199 3435 2306 loca
3374 2344 3427 2540 tangere
3388 2576 3434 2741 funda.

3314 1465 3361 1561 iam
3313 1600 3360 1743 simul
3311 1781 3358 1980 audacis
3310 2018 3358 2219 ueniant
3309 2256 3356 2523 certamina
3308 2562 3356 2734 Martis

3215 1464 3277 1781 aduersisque
3214 1819 3266 1989 parent
3227 2025 3275 2154 acies
3226 2192 3257 2481 concurrere
3213 2519 3274 2679 signis,

3149 1464 3188 1569 tum
3150 1607 3197 1694 tibi
3149 1733 3179 1833 non
3148 1871 3195 1996 desit
3147 2033 3195 2206 faciem
3132 2246 3177 2543 componere
3132 2580 3177 2786 pugnae,
3146 3048 3175 3124 100

3068 1464 3099 1549 seu
3068 1586 3116 1646 sit
3053 1683 3098 1806 opus
3052 1844 3112 2135 quadratum
3065 2173 3114 2302 acies
3065 2339 3112 2574 consistat
3066 2611 3113 2659 in
3050 2696 3096 2887 agmen,

2987 1462 3025 1621 rectus
2988 1660 3024 1711 ut
2972 1747 3033 1967 aequatis
2985 2004 3031 2227 decurrat
2984 2265 3032 2504 frontibus
2974 2543 3030 2678 ordo,

2908 1462 2939 1548 seu
2907 1586 2955 1734 libeat
2892 1772 2954 2021 duplicem
2906 2061 2953 2320 seiunctim
2904 2358 2935 2554 cernere
2894 2593 2942 2811 martem,

2827 1461 2873 1628 dexter
2827 1664 2874 1734 uti
2827 1770 2872 1965 laeuum
2826 2004 2863 2167 teneat
2811 2204 2871 2527 dextrumque
2825 2564 2873 2755 sinister

2747 1461 2795 1600 miles
2733 1638 2795 1797 sitque
2732 1834 2792 2014 duplex
2732 2050 2793 2231 gemini
2745 2269 2793 2473 uictoria
2745 2509 2776 2662 casus.
2733 3049 2771 3120 105

2668 1525 2705 1575 at
2666 1611 2696 1711 non
2652 1750 2696 1834 per
2666 1870 2713 2045 dubias
2665 2083 2702 2240 errant
2665 2279 2695 2387 mea
2665 2423 2712 2639 carmina
2663 2674 2711 2873 laudes:

2587 1459 2617 1573 nam
2587 1611 2634 1749 bellis
2572 1788 2623 1982 experta
2585 2019 2616 2156 cano.
2585 2232 2632 2365 testis
2586 2404 2632 2521 mihi
2584 2560 2632 2719 uictae

2506 1458 2554 1592 fortis
2491 1632 2553 1865 Iapydiae
2494 1902 2552 2053 mileS‚
2504 2095 2551 2229 testis
2489 2267 2534 2466 quoque
2503 2503 2548 2645 fallax

2414 1459 2472 1757 Pannonius,
2410 1797 2472 1981 gelidas
2410 2020 2471 2199 passim
2423 2237 2471 2468 disiectus
2424 2506 2470 2555 in
2408 2592 2468 2757 Alpes,

2345 1458 2392 1594 testis
2331 1632 2392 1865 Arupinis
2345 1903 2382 1950 et
2329 1987 2375 2172 pauper
2344 2208 2381 2350 natus
2344 2388 2391 2435 in
2332 2474 2390 2615 aruis,
2343 3042 2370 3118 110

2250 1456 2295 1605 quem
2265 1643 2312 1682 si
2250 1720 2311 1827 quis
2263 1865 2311 2030 uideat
2264 2067 2301 2208 uetus
2264 2246 2301 2298 ut
2263 2336 2293 2436 non
2248 2474 2310 2664 fregerit
2251 2700 2300 2845 aetas,

2184 1456 2222 1591 terna
2184 1629 2231 1790 minus
2169 1830 2231 1992 Pyliae
2183 2030 2231 2228 miretur
2182 2265 2227 2457 saecula
2182 2493 2227 2665 famae.

2090 1454 2135 1669 namque
2104 1707 2134 1854 senex
2090 1890 2149 2064 longae
2088 2100 2150 2285 peragit
2103 2321 2147 2439 dum
2087 2478 2140 2698 tempora
2091 2734 2150 2877 uitae,
2100 3013 2138 3116 112a

2023 1454 2062 1654 centum
2022 1691 2068 1930 fecundos
2022 1967 2070 2117 Titan
2021 2154 2069 2462 renouauerit
2010 2498 2051 2667 annos,

1895 1506 1930 1555 91
1906 1579 1938 1649 aut
1904 1668 1943 1768 Par.
1904 1790 1942 1925 Plant.
1904 1950 1928 1958 :
1904 1991 1935 2032 et
1905 2050 1943 2091 A
1893 2179 1943 2443 celeremque
1903 2468 1942 2519 V:
1903 2542 1941 2778 celeremue
1905 2795 1941 2836 A
1902 2854 1941 2953 Par.
1899 2969 1940 3106 Plant.

1840 1451 1876 1503 93
1851 1534 1888 1620 der.
1852 1650 1889 1885 Baehrens:
1850 1916 1887 1991 dir.
1852 2017 1889 2058 A
1840 2295 1875 2346 94
1850 2379 1881 2628 conuertere
1849 2661 1887 2753 Chr.
1848 2780 1887 2981 Crassus:
1847 3013 1872 3111 con·

1798 1452 1834 1630 tendere
1798 1659 1835 1699 A
1797 1733 1835 1831 Par.
1798 1853 1835 1991 Plant.
1797 2141 1822 2311 curuom
1796 2338 1821 2458 conu.
1785 2481 1821 2632 gyrum
1796 2662 1833 2871 Francken
1783 3056 1818 3107 95

1735 1451 1781 1545 quis
1733 1567 1769 1710 parma
1744 1731 1769 1804 seu
1744 1836 1781 1923 AF
1742 1936 1781 2033 Par.
1743 2056 1767 2065 t
1732 2095 1768 2239 parma
1742 2270 1780 2418 habent
1742 2433 1779 2502 Fr.
1732 2668 1776 2722 96
1742 2752 1779 2894 ueniat
1731 2918 1778 3056 grauis
1741 3075 1776 3115 F

1691 1449 1729 1579 Pan:
1681 1612 1727 1781 grandis
1690 1804 1727 1919 uenit
1690 1950 1728 1991 A
1689 2028 1727 2275 Cuiacz'amts
1678 2421 1713 2471 97
1678 2502 1726 2678 amplior
1690 2707 1726 2746 A
1689 2767 1725 2913 FPaa».
1688 2937 1711 2945 ε
1677 2975 1723 3109 aptior

1637 1449 1674 1660 Francken
1627 1678 1673 1781 fort.
1638 1806 1669 1898 recte
1636 2007 1666 2077 aut
1636 2110 1671 2148 A
1635 2180 1673 2278 Par.
1635 2304 1659 2311 :
1635 2342 1667 2386 ut
1635 2415 1670 2459 ff
1625 2642 1671 2695 98
1624 2724 1672 2912 audacisl
1633 2936 1670 3105 aduersi

1583 1449 1622 1549 Par.
1583 1668 1620 1842 ueniant
1582 1875 1621 1973 Par.
1582 1999 1606 2007 ε
1581 2038 1618 2210 uenient
1583 2240 1619 2280 A
1570 2448 1605 2502 99
1570 2531 1613 2682 parent
1582 2713 1619 2798 AF
1582 2815 1619 2909 Par.
1580 3031 1605 3105 100

1531 1449 1562 1537 tum
1529 1568 1569 1698 Pan:
1530 1728 1562 1824 tunc
1532 1857 1567 1898 A
1528 2100 1554 2174 102
1529 2206 1559 2248 ut
1528 2278 1566 2427 FPar.
1528 2454 1551 2461 :
1530 2493 1565 2534 in
1529 2565 1566 2605 A
1518 2777 1553 2851 103
1527 2882 1565 3103 seiunctim

1476 1447 1515 1714 Salmasius:
1477 1746 1501 1819 seu
1476 1842 1513 2023 iunctum
1476 2056 1513 2096 A
1474 2120 1512 2255 Plant.
1475 2281 1498 2289 ε
1475 2319 1499 2393 seu
1475 2416 1511 2603 uinctum
1474 2634 1513 2731 Par.
1465 2853 1499 2924 104
1474 2956 1510 3107 dexter

1423 1448 1461 1508 uti
1422 1531 1462 1685 FPar.
1424 1713 1446 1722 :
1412 1753 1460 1972 dexteraq;
1422 1996 1454 2039 ut
1423 2060 1460 2101 A
1422 2124 1453 2161 et
1410 2191 1454 2385 expunclo
1421 2410 1445 2433 a
1421 2467 1459 2710 Cut'acz'anus
1421 2820 1458 2992 sinister
1420 3022 1457 3110 AF

1369 1446 1407 1544 Par.
1370 1687 1406 1761 108
1356 1794 1407 1940 iapidie
1358 1968 1393 2002 g
1368 2032 1406 2281 Cuiacmnus
1369 2315 1391 2363 ex
1366 2394 1392 2521 corn:
1358 2564 1405 2742 iapigiae
1367 2774 1405 2916 Plant.
1369 2938 1405 2978 A
1356 3011 1391 3038 g
1367 3059 1402 3101 in

1317 1448 1353 1473 d
1315 1495 1341 1592 corr.
1315 1620 1341 1734 man.
1318 1758 1341 1783 2
1316 1913 1340 1988 110
1305 2018 1353 2219 Arupinis
1315 2242 1352 2303 F:
1316 2334 1346 2375 et
1304 2396 1351 2557 aspinis
1316 2577 1351 2616 A
1314 2643 1339 2755 man.
1315 2779 1339 2795 1
1314 2909 1351 3023 aruis
1303 3044 1348 3073 ψ
1314 3097 1335 3106 :

1263 1446 1300 1574 armis
1264 1603 1300 1644 A
1263 1870 1297 1965 112a
1262 1993 1300 2141 habent
1262 2160 1298 2199 A
1261 2224 1299 2361 Plant.
1262 2384 1284 2391 :
1261 2421 1285 2501 om.
1261 2525 1299 2770 Cuiacianus
1250 2907 1293 3098 tempora

1210 1446 1248 1480 J.
1210 1508 1248 1565 H.
1210 1596 1248 1726 Voss:
1210 1755 1246 1896 secula
1211 1925 1248 1966 A
1208 2079 1245 2190 uitae
1196 2212 1241 2267 30:
1208 2298 1245 2405 fame
1209 2437 1245 2478 A
1197 2669 1233 2743 113
1207 2774 1244 3038 renouauerit
1194 3068 1241 3096 ψ

1154 1446 1194 1582 Plant.
1156 1605 1180 1613 :
1155 1643 1188 1869 renouerat
1155 1898 1194 1967 A:
1154 1999 1187 2281 renouauerat
1154 2305 1191 2553 Cuiacicmus
