5010 3336
883 1624 952 1929 [TIBVLLI
882 1456 928 1584 Lm.
879 1342 926 1425 111

1036 2707 1082 2830 laeta
1030 2366 1081 2668 Molorcheis
1025 2163 1092 2327 posuit
1022 1919 1086 2125 uestigia
1020 1729 1078 1881 tectis,

1132 2582 1179 2831 paruaque
1111 2323 1162 2546 caelestis
1107 2070 1172 2285 placauit
1105 1893 1163 2033 mica,
1120 1760 1150 1851 nec
1100 1630 1147 1721 illis

1214 2639 1259 2832 semper
1196 2380 1243 2604 inaurato
1201 2179 1239 2344 taurus
1187 2010 1236 2141 cadit
1185 1812 1234 1972 hostia
1198 1609 1231 1775 cornu.
1193 1165 1232 1209 15

1278 2751 1325 2831 hic
1293 2513 1339 2715 quoque
1274 2418 1322 2478 sit
1281 2219 1336 2382 gratus
1286 2002 1333 2180 paruus
1268 1813 1323 1964 labor,
1274 1719 1311 1771 ut
1261 1591 1309 1679 tibi
1258 1366 1322 1553 possim

1358 2716 1406 2831 inde
1352 2559 1405 2680 alios
1355 2302 1416 2523 aliosque
1368 2074 1399 2264 memor
1362 1738 1409 2037 componere
1358 1516 1391 1700 uersus.

1439 2645 1485 2765 alter
1436 2477 1484 2609 dicat
1451 2316 1497 2441 opus
1431 2114 1494 2278 magni
1428 1855 1477 2075 mirabile
1424 1630 1481 1817 mundi,

1518 2674 1582 2830 qualis
1517 2586 1565 2635 in
1517 2303 1564 2548 immenso
1510 2019 1561 2265 desederit
1526 1871 1556 1981 aere
1509 1677 1563 1833 tellu3‚

1598 2673 1662 2830 qualis
1607 2588 1645 2635 et
1598 2502 1644 2551 in
1611 2258 1644 2463 curuum
1602 2038 1656 2220 pontus
1588 1712 1638 1999 confluxerit
1585 1486 1639 1673 orbem,
1597 1158 1623 1208 22

1690 2783 1728 2830 et
1696 2577 1742 2745 uagus,
1695 2510 1726 2537 e
1676 2338 1725 2473 terris
1691 2202 1737 2299 qua
1688 1971 1733 2164 surgere
1669 1747 1727 1933 nititur,
1684 1617 1725 1710 aer,

1761 2715 1809 2830 huic
1770 2631 1808 2678 et
1767 2337 1807 2594 contextus
1754 2118 1818 2299 passim
1755 1960 1799 2078 fluat
1751 1753 1813 1924 igneus
1749 1535 1804 1717 aether,

1840 2492 1904 2829 pendentique
1854 2309 1900 2455 super
1836 1981 1883 2273 claudantur
1841 1892 1878 1943 ut
1829 1688 1877 1854 omnia
1829 1478 1875 1649 caelo:

1932 2782 1970 2831 at
1923 2390 1984 2744 quodcumque
1933 2213 1965 2353 meae
1923 1945 1978 2176 poterunt
1913 1727 1959 1908 audere
1924 1434 1963 1687 camenae,

2020 2744 2052 2829 seu
2002 2619 2051 2706 tibi
2018 2495 2064 2581 par
2006 2228 2063 2459 poterunt
2013 2091 2055 2191 seu,
1995 1914 2057 2050 quod
2008 1762 2054 1873 spes
1989 1532 2047 1719 abnuit,
1989 1366 2034 1492 ultra
2003 1161 2042 1208 25

2085 2725 2133 2830 siue
2083 2526 2131 2686 minus
2082 2235 2143 2486 (certeque
2084 2016 2125 2197 canent
2072 1780 2134 1978 minus),
2086 1589 2119 1738 omne
2082 1318 2115 1563 uouemus

2168 2734 2214 2829 hoc
2163 2594 2222 2697 tibi,
2179 2462 2210 2555 nec
2170 2287 2208 2425 tanto
2166 2089 2205 2250 careat
2154 1932 2203 2053 mihi
2152 1692 2201 1895 nomine
2152 1474 2198 1655 charta.

2263 2715 2294 2829 nam
2259 2374 2307 2676 quamquam
2239 2103 2301 2337 antiquae
2235 1907 2299 2065 gentis
2241 1637 2295 1868 superant
2228 1510 2277 1598 tibi
2227 1287 2283 1472 laudes,

2344 2727 2375 2828 non
2336 2606 2374 2690 tua
2324 2328 2372 2569 maiorum
2328 2050 2369 2284 contenta
2326 1941 2365 2012 est
2314 1750 2378 1902 gloria
2315 1569 2369 1712 fama,

2426 2737 2457 2828 nec
2406 2507 2471 2698 quaeris
2404 2348 2467 2469 quid
2418 2113 2465 2310 quaque
2399 1926 2447 2074 index
2397 1798 2445 1888 sub
2393 1546 2455 1758 imagine
2390 1360 2448 1507 dicat,
2406 1160 2447 1211 30

2492 2742 2540 2829 sed
2488 2515 2553 2705 generis
2485 2292 2549 2477 priscos
2480 1993 2531 2254 contendis
2478 1756 2526 1954 uincere
2477 1487 2531 1718 honoreS‚

2588 2680 2635 2829 quam
2569 2554 2618 2642 tibi
2567 2307 2615 2514 maiores
2563 2111 2611 2268 maius
2564 1920 2610 2072 decus
2558 1778 2621 1880 ipse
2554 1532 2604 1740 futuris:

2662 2782 2701 2831 at
2662 2661 2700 2744 tua
2667 2524 2698 2625 non
2648 2318 2696 2487 titulus
2644 2120 2707 2280 capiet
2643 1990 2691 2081 sub
2640 1748 2688 1951 nomine
2640 1570 2694 1711 facta,

2742 2630 2783 2831 aeterno
2732 2506 2780 2592 sed
2738 2327 2778 2467 erunt
2726 2202 2775 2288 tibi
2740 1984 2786 2162 magna
2720 1692 2770 1947 uolumina
2732 1491 2775 1655 uersu,

2812 2428 2873 2829 conuenientque
2818 2284 2857 2390 tuas
2805 2078 2868 2246 cupidi
2818 1738 2864 2039 componere
2799 1530 2845 1701 laudes
2810 1162 2852 1208 35

2895 2610 2957 2831 undique
2892 2389 2955 2572 quique
2896 2173 2937 2351 canent
2886 1966 2933 2135 uincto
2884 1802 2946 1929 pede
2880 1580 2943 1764 quique
2878 1367 2924 1542 soluto.

2977 2722 3040 2830 quis
2974 2512 3039 2685 potior,
2980 2222 3020 2470 certamen
2967 2067 3016 2184 erit:
2965 1926 3013 2017 sim
2963 1730 3011 1888 uictor
2960 1646 3007 1694 in
2958 1501 3017 1609 illis,

3068 2778 3106 2829 ut
3066 2518 3105 2740 nostrum
3052 2333 3102 2480 tantis
3050 2030 3099 2294 inscribam
3062 1807 3094 1990 nornen
3044 1718 3091 1768 in
3040 1547 3089 1682 actis.

3200 2726 3235 2771 13
3186 2572 3224 2695 tectis
3188 2514 3233 2542 ψ
3183 2346 3221 2484 Ρῖαηί.
3195 2313 3219 2321 :
3179 2159 3218 2282 terris
3176 2090 3214 2130 Α
3188 1895 3223 1941 14
3172 1682 3223 1863 placauit
3184 1596 3221 1649 g:
3167 1395 3218 1562 pacauit
3166 1332 3203 1372 A
3164 1163 3203 1300 Plant.

3243 2778 3280 2826 18
3242 2637 3279 2747 dicat
3238 2271 3277 2597 VCuiacianus:
3234 2113 3271 2238 dictat
3230 1995 3268 2081 AF
3241 1786 3276 1833 19
3224 1542 3264 1755 desederit
3222 1159 3260 1511 AFCm·ac1·anus

3309 2783 3334 2830 2ῐ
3295 2706 3346 2748 e]
3309 2649 3333 2672 a
3294 2477 3331 2619 Barth.
3302 2238 3325 2289 22
3288 2112 3324 2207 huic
3299 2052 3335 2087 g
3284 1888 3322 2025 Plant.
3282 1580 3320 1859 Cumcianus:
3278 1453 3315 1550 hinc
3276 1382 3312 1421 Α
3281 1220 3311 1265 ut
3278 1162 3322 1189 ψ

3354 2581 3400 2829 praetextus
3347 2403 3383 2549 malim
3356 2200 3389 2251 24
3347 2128 3378 2169 at
3354 2068 3390 2102 g
3339 1873 3375 2041 Plana:
3343 1800 3374 1842 et
3336 1730 3371 1769 A
3334 1507 3369 1559 26
3342 1273 3369 1476 uouemus
3328 1152 3365 1243 AF

3418 2780 3453 2829 27
3417 2669 3441 2747 nec
3402 2598 3439 2638 A
3401 2282 3440 2562 Cuiacicmus:
3410 2183 3434 2237 ne
3399 2126 3444 2153 ψ
3394 1952 3431 2094 Fiant.
3388 1582 3426 1751 nomine
3400 1496 3437 1556 g:
3384 1272 3423 1455 carmine
3382 1154 3419 1241 AF

3473 2776 3509 2829 29
3463 2709 3496 2745 et
3458 2628 3494 2679 28
3457 2526 3493 2598 hoc
3453 2356 3491 2495 outline
3452 2174 3489 2325 habent
3450 2048 3487 2145 Par.
3446 1814 3483 1866 28
3444 1593 3493 1783 quamuis
3441 1398 3489 1571 antique
3444 1161 3486 1364 superent

3512 2627 3562 2829 preconia
3510 2466 3558 2604 gentis
3508 2338 3546 2437 Par.
3517 2115 3552 2167 30
3514 1921 3551 2086 quaque
3500 1768 3537 1893 index
3498 1676 3534 1733 F:
3510 1562 3545 1643 qua
3496 1412 3531 1540 iudex
3493 1341 3529 1381 A
3502 1164 3537 1227 31,

3579 2778 3615 2828 32
3566 2600 3603 2746 liabent
3565 2474 3602 2571 Par.
3571 2148 3607 2194 31
3558 1938 3594 2111 uincere
3555 1826 3592 1900 sed
3553 1629 3601 1791 priscos
3564 1558 3598 1595 g.
3554 1422 3586 1531 cont.
3546 1298 3583 1393 hon.
3544 1167 3581 1264 Par.

3634 2778 3671 2827 37
3620 2675 3670 2744 qui
3618 2399 3657 2650 Cuiacianus
3614 2145 3664 2285 potior
3615 2097 3662 2123 ψ
3626 2068 3650 2076 :
3611 1903 3661 2045 potius
3611 1841 3647 1879 A
3606 1562 3646 1813 Cm'acianus
3603 1405 3640 1540 Plant.
