5010 3336
878 1660 945 1968 [TIBVLLI
879 1488 925 1619 LIB.
878 1350 924 1447 ΙΙΙ.
874 1155 939 1313 VIII}

1032 1154 1040 1169 Ι

966 3086 1002 3091 Β

1002 3087 1092 3110 'l
1026 2691 1074 2817 illius
1043 2596 1074 2653 ex
1022 2392 1081 2559 oculis,
1037 2236 1068 2350 cum
1020 2094 1066 2198 uult
1033 1859 1065 2057 exurere
1016 1665 1073 1822 diuos,
1041 1155 1069 1173 ὖ

1100 3088 1166 3093 l
1106 2524 1154 2750 accendit
1102 2268 1166 2487 geminas
1100 1977 1161 2230 lampadas
1114 1830 1144 1939 acer
1100 1624 1143 1790 Amor.

1160 3089 1225 3114 lli
1187 2672 1245 2817 illam,
1184 2388 1247 2630 quidquid
1182 2240 1244 2351 agit,
1196 1997 1242 2199 quoquo
1177 1754 1240 1957 uestigia
1176 1546 1234 1716 mouit,

1252 3090 1300 3115 ψ
1265 2494 1327 2749 componit
1263 2294 1311 2458 furtim
1261 1842 1323 2255 subsequiturque
1262 1625 1306 1801 Decor.

1376 3098 1442 3113 q
1365 2731 1396 2816 seu
1346 2547 1395 2693 soluit
1345 2336 1403 2511 crines,
1344 2182 1390 2299 fusis
1344 2002 1390 2144 decet
1358 1858 1389 1963 esse
1339 1601 1401 1821 capillis:

1445 2664 1476 2749 seu
1426 2403 1489 2626 compsit,
1424 2151 1485 2362 comptis
1432 2041 1470 2113 est
1423 1722 1469 2004 ueneranda
1419 1518 1467 1685 comis.
1436 1149 1463 1194 ιε

1509 3093 1550 3102 l
1510 2707 1569 2817 urit,
1526 2584 1557 2669 seu
1508 2400 1569 2546 Tyria
1506 2207 1554 2362 uoluit
1506 1904 1567 2169 procedere
1504 1706 1564 1866 palla:

1582 3094 1657 3099 l
1590 2642 1648 2749 urit,
1606 2516 1637 2601 seu
1588 2334 1635 2478 niuea
1586 2085 1634 2297 candida
1594 1912 1632 2048 ueste
1583 1727 1631 1875 uenit.

1678 3094 1727 3099 Ξ
1671 2710 1719 2817 talis
1671 2624 1717 2671 in
1680 2386 1717 2585 aeterno
1667 2236 1715 2349 felix
1669 1899 1713 2200 Vertumnus
1666 1643 1725 1859 Olympo

1750 2616 1798 2749 mille
1751 2431 1797 2579 habet
1756 2182 1805 2394 ornatus,
1747 2008 1794 2141 mille
1748 1738 1794 1971 decenter
1745 1540 1791 1702 habet.

1834 2712 1880 2816 sola
1833 2405 1894 2676 puellarum
1829 2219 1891 2367 digna
1837 2110 1875 2182 est
1827 1994 1874 2073 cui
1826 1789 1873 1956 mollia
1826 1630 1873 1752 caris
1844 1151 1869 1191 ,ιε

1914 2569 1959 2750 uellera
1912 2450 1957 2533 det
1908 2285 1956 2412 sucis
1908 2173 1955 2247 bis
1908 1860 1953 2134 madefacta
1908 1652 1967 1822 TerS‚

1992 2455 2055 2816 possideatque,
1989 2274 2037 2413 metit
1988 1993 2051 2237 quidquid
1989 1827 2035 1955 bene
1986 1541 2035 1789 olentibus
1985 1376 2034 1503 aruis

2075 2592 2121 2749 cultor
2074 2322 2119 2555 odoratae
2070 2146 2118 2284 diues
2069 1949 2115 2107 Arabs
2068 1722 2130 1910 segetis,

2164 2769 2202 2815 et
2169 2392 2216 2731 quascumque
2151 2220 2213 2355 niger
2150 2008 2197 2181 Rubro
2149 1908 2196 1971 de
2148 1732 2196 1870 litore
2164 1474 2210 1695 gemmas

2235 2498 2297 2748 proximus
2232 2342 2280 2458 Eois
2231 2121 2293 2303 colligit
2232 1927 2278 2081 Indus
2229 1737 2291 1890 aquis.
2250 1145 2277 1196 20

2319 2688 2364 2814 hanc
2332 2547 2375 2649 UOS,
2314 2275 2371 2504 Pierides,
2312 2100 2360 2234 festis
2320 1870 2359 2063 cantate
2310 1593 2369 1832 kalendis,

2407 2701 2444 2747 et
2395 2385 2443 2663 testudinea
2394 2146 2441 2347 Phoebe
2393 1899 2453 2107 superbe
2393 1749 2453 1861 lyra.

2480 2720 2525 2815 hoc
2479 2444 2525 2681 sollemne
2491 2217 2521 2406 sacrum
2475 1998 2519 2177 multos
2474 1838 2519 1959 haec
2481 1640 2519 1801 sumet
2470 1554 2518 1603 in
2487 1327 2518 1516 annos:

2557 2556 2619 2747 dignior
2564 2448 2603 2521 est
2564 2248 2602 2410 uestro
2555 2077 2600 2211 nulla
2554 1878 2614 2042 puella
2553 1677 2600 1843 choro.

2700 2336 2766 2644 [TIBVLLI
2698 2167 2745 2295 LIB.
2698 2025 2744 2123 ΠΙ.
2698 1735 2743 1982 IX=IV.
2693 1586 2759 1691 ΙΙΙ]

2802 2638 2846 2812 PARCE
2813 2488 2844 2599 meo
2794 2272 2852 2450 iuueni,
2810 2145 2840 2230 seu
2792 1998 2854 2106 quis
2794 1828 2839 1961 bona
2807 1609 2853 1792 pascua
2791 1412 2853 1571 campi

2899 3106 2914 3108 ¹
2896 2663 2926 2747 seu
2876 2506 2925 2627 colis
2874 2250 2924 2468 umbrosi
2873 2068 2921 2212 deuia
2872 1850 2920 2029 montis
2888 1684 2934 1813 aper,

2977 2724 3009 2814 nec
2959 2598 3006 2685 tibi
2958 2500 3005 2560 sit
2960 2315 3005 2463 duros
2955 2089 3003 2279 acuisse
2954 2003 3001 2051 in
2953 1780 3015 1963 proelia
2955 1538 3011 1743 dentes3

3041 2446 3088 2747 incolumem
3046 2244 3085 2409 custos
3038 2074 3083 2205 hunc
3035 1916 3081 2036 mihi
3044 1718 3082 1878 seruet
3037 1511 3081 1679 Amor⁴

3203 2728 3250 2815 sed
3202 2520 3263 2690 procul
3197 2282 3246 2482 abducit
3196 2028 3244 2245 uenandi
3194 1846 3243 1989 Delia
3211 1666 3242 1809 cura:
3217 1148 3252 1166 ς

3299 2717 3329 2747 o
3289 2480 3343 2680 pereant
3279 2292 3327 2443 siluae
3277 1922 3338 2255 deficiantque
3292 1739 3323 1885 canes
3279 1701 3323 1709 ἒ

3426 2709 3463 2756 13
3418 2473 3451 2679 uerti-inus
3412 2294 3449 2441 habent
3411 2206 3448 2274 Fr.
3421 1913 3455 1958 14
3408 1755 3445 1881 habet
3420 1696 3456 1730 g
3406 1531 3444 1669 Plani.
3406 1248 3443 1492 Cm'acz'anns
3408 1143 3455 1213 qm

3470 2740 3506 2813 ht:
3470 2628 3506 2707 huc
3468 2558 3504 2596 A
3480 2355 3514 2406 23
3466 2222 3502 2322 haec
3468 2054 3501 2191 sumet
3463 1966 3499 2023 F:
3463 1855 3499 1933 hoc
3468 1696 3499 1833 sumet
3462 1624 3497 1664 A
3462 1351 3499 1598 Cm'acz'mms
3474 1153 3506 1198 24

3524 2685 3561 2812 choro
3537 2626 3573 2658 g
3522 2458 3559 2596 Plant.
3521 2159 3559 2431 Cm'aciamffi:
3518 2008 3554 2126 thoro
3516 1936 3553 1976 Α

3577 2695 3613 2756 IX
3590 2641 3625 2664 3
3576 2450 3625 2608 praelia
3575 2361 3613 2420 F:
3580 2144 3623 2315 pectore
3572 2074 3608 2113 Α
3576 1850 3621 1946 post
3587 1801 3619 1821 4
3584 1622 3609 1765 uersus
3571 1510 3609 1591 duo
3569 1412 3607 1475 ml
3570 1251 3619 1385 plum
3583 1150 3605 1216 ω·-

3631 2679 3669 2814 cidisse
3630 2468 3669 2661 uidentur

3680 1260 3712 1307 ἦ*
