5010 3336
4015 1494 4062 1821 LYGDAMI
4014 1873 4061 2179 ELEGIAE

3866 1491 3928 1674 quidue
3881 1711 3927 1760 in
3867 1800 3925 2067 Erythraeo
3866 2103 3928 2275 legitur
3866 2311 3911 2436 quae
3879 2473 3928 2612 litore
3880 2649 3926 2839 concha

3786 1556 3847 1805 tinctaque
3800 1843 3847 2046 Sidonio
3800 2084 3847 2267 murice
3800 2303 3845 2413 lana
3788 2448 3847 2595 iuuat,

3720 1489 3758 1536 et
3706 1573 3750 1699 quae
3706 1735 3757 1982 praeterea
3706 2017 3765 2227 populus
3720 2264 3767 2501 miratur?
3721 2548 3767 2597 in
3720 2634 3768 2726 illis

3641 1555 3687 1742 inuidia
3641 1778 3679 1878 est:
3641 1923 3686 2043 falso
3628 2081 3688 2288 plurima
3627 2324 3685 2498 uulgus
3640 2534 3678 2678 amat.
3640 3097 3667 3145 20

3561 1488 3592 1588 non
3547 1626 3609 1802 opibus
3562 1841 3599 2029 mentes
3562 2067 3609 2325 hominum
3547 2362 3592 2604 curaeque
3560 2640 3605 2891 leuantur:

3481 1554 3511 1667 narn
3482 1708 3527 1924 Fortuna
3482 1960 3513 2047 sua
3468 2083 3520 2304 tempora
3468 2340 3527 2444 lege
3467 2481 3528 2613 regit.

3402 1486 3448 1546 sit
3402 1584 3449 1703 mihi
3387 1740 3439 1999 paupertas
3402 2036 3440 2199 tecum
3390 2237 3449 2465 iucunda,
3400 2507 3446 2725 Neaera:

3322 1551 3359 1600 at
3322 1637 3370 1741 sine
3323 1778 3361 1825 te
3308 1862 3353 2028 regum
3323 2068 3353 2269 munera
3322 2304 3367 2438 nulla
3321 2474 3366 2602 uolo.

3240 1485 3271 1514 o
3241 1552 3287 1747 niueam
3227 1786 3271 1911 quae
3241 1948 3279 1995 te
3227 2032 3289 2207 poterit
3242 2245 3289 2364 mihi
3240 2402 3286 2605 reddere
3238 2642 3285 2836 lucem!
3226 3093 3265 3140 ²5

3160 1548 3191 1581 Ο
3162 1619 3209 1737 mihi
3161 1776 3209 1965 felicem
3147 2004 3199 2173 terque
3147 2210 3199 2479 quaterque
3160 2515 3208 2676 diem!

3081 1482 3118 1531 at
3070 1569 3129 1623 si,
3066 1660 3111 1747 pro
3081 1784 3128 1917 dulci
3081 1953 3129 2111 reditu
3067 2148 3111 2488 quaecumque
3067 2525 3118 2784 uouentur,

3001 1549 3048 1716 audiat
3001 1751 3031 1921 auersa
3002 1958 3031 2057 non
3001 2095 3031 2232 meus
3001 2269 3031 2384 aure
2990 2420 3046 2555 deus,

2920 1483 2951 1574 nec
2921 1612 2951 1690 me
2906 1727 2951 1873 regna
2921 1910 2968 2079 iuuant
2921 2116 2951 2207 nec
2907 2246 2968 2428 Lydius
2920 2464 2968 2639 aurifer
2919 2673 2967 2832 amnis

2840 1549 2871 1641 nec
2825 1678 2871 1798 quas
2841 1835 2879 2067 terrarum
2840 2106 2888 2310 Sustinet
2840 2347 2888 2477 orbis
2825 2515 2870 2646 opes.
2827 3089 2865 3141 30

2761 1482 2807 1603 haec
2762 1640 2809 1720 alii
2747 1758 2809 1987 cupiant3
2761 2035 2809 2177 liceat
2762 2215 2808 2332 mihi
2745 2369 2791 2582 paupere
2759 2619 2805 2753 cultu

2682 1548 2713 1719 securo
2682 1755 2713 1865 cara
2668 1900 2729 2107 coniuge
2667 2144 2712 2287 posse
2682 2323 2729 2427 frui.

2600 1479 2650 1609 adsis
2601 1647 2641 1693 et
2601 1731 2650 1914 timidis
2591 1951 2647 2127 faueas,
2589 2170 2649 2405 Saturnia,
2589 2444 2649 2586 uotis,

2522 1546 2560 1594 et
2522 1630 2567 1795 faueas
2512 1832 2567 2035 concha,
2508 2077 2569 2267 Cypria,
2522 2307 2559 2450 uecta
2521 2485 2559 2580 tua.

2441 1478 2479 1561 aut
2442 1598 2489 1637 si
2442 1674 2487 1771 fata
2427 1806 2479 1985 negant
2441 2022 2488 2232 reditum
2426 2270 2489 2528 tristesque
2426 2565 2471 2767 sorores,
2425 3084 2464 3134 35

2361 1546 2410 1755 stamina
2348 1791 2391 1917 quae
2362 1954 2407 2142 ducunt
2347 2179 2391 2404 quaeque
2361 2440 2406 2600 futura
2347 2636 2397 2805 neunt,

2282 1478 2313 1557 me
2282 1593 2320 1738 uocet
2283 1774 2329 1823 in
2282 1861 2320 2024 uastos
2282 2060 2312 2229 amnes
2267 2267 2329 2552 nigramque
2264 2588 2325 2819 paludem

2202 1544 2251 1683 diues
2203 1720 2251 1769 in
2187 1807 2251 1982 ignaua
2202 2019 2251 2203 luridus
2201 2242 2249 2398 Orcus
2185 2435 2233 2575 aqua,

2061 2136 2107 2211 IV
2065 2228 2077 2241 „
2061 2254 2122 2283 ἰ»

1969 1477 2015 1543 D1
1968 1582 2017 1783 meliora
1957 1818 2014 1985 ferant,
1968 2026 1999 2117 nee
1968 2154 2015 2250 sint
1968 2286 2015 2405 mihi
1966 2443 2014 2635 somnia
1954 2670 1996 2796 uera,

1874 1540 1919 1665 quae
1889 1702 1936 1810 tulit
1888 1847 1934 2073 hesterna
1872 2108 1935 2320 pessima
1886 2356 1925 2501 nocte
1872 2538 1934 2687 quieS.

1761 1531 1795 1577 17
1761 1609 1809 1761 legitur
1759 1783 1807 1930 qu(a>e
1769 1960 1808 2058 Par.
1768 2084 1792 2092 :
1758 2122 1806 2315 legiturq;
1770 2350 1807 2389 in
1770 2421 1807 2462 A
1768 2630 1793 2683 20
1768 2713 1805 2871 inuidia
1767 2902 1798 2965 est
1762 2996 1803 3125 Pan:

1718 1473 1756 1615 inuida
1707 1636 1742 1742 quae
1718 1771 1754 1811 A
1706 1982 1740 2046 21,
1717 2072 1740 2124 22
1716 2154 1752 2300 habent
1716 2334 1753 2403 Fr.
1716 2571 1741 2619 21
1715 2654 1752 2867 hominurn
1713 2898 1750 2964 Fr.
1710 2991 1750 3121 Pan:

1664 1471 1701 1629 homini
1666 1659 1702 1700 A
1664 1835 1688 1887 22
1663 1917 1687 2010 narn
1664 2034 1699 2073 A
1661 2107 1699 2203 Par.
1662 2229 1685 2235 :
1662 2268 1687 2345 nec
1662 2374 1699 2442 Fr.
1651 2544 1699 2651 regit
1661 2682 1698 2779 Par.
1661 2804 1685 2812 :
1651 2843 1695 2950 gerit
1661 2980 1696 3021 A
1657 3048 1695 3118 Fr.

1601 1470 1635 1521 24
1611 1552 1643 1593 at
1598 1617 1636 1675 g:
1611 1706 1643 1747 et
1612 1776 1648 1816 A
1610 2026 1645 2077 28
1609 2108 1634 2259 auersa
1599 2285 1643 2341 ψῑ
1609 2371 1645 2549 aduersa
1610 2578 1645 2619 A
1596 2813 1632 2946 29'32
1604 2976 1642 3126 habent

1558 1469 1596 1567 Par.
1547 1710 1582 1762 29
1558 1792 1582 1877 non
1557 1900 1582 1965 me
1555 1994 1595 2092 Par.
1556 2208 1593 2332 lidius
1556 2353 1593 2508 aurifer
1555 2528 1593 2660 amnis
1554 2691 1592 2839 habent
1553 2861 1590 2927 Fr.
1552 2952 1575 2960 z
1550 2994 1589 3118 lidius

1505 1468 1541 1591 etiarn
1505 1613 1542 1654 A
1504 1678 1542 1775 Par.
1494 1948 1528 1999 32
1502 2030 1527 2179 securo
1503 2201 1540 2310 uitae
1502 2332 1527 2503 munere
1491 2524 1526 2563 p.
1502 2593 1540 2616 s.
1498 2639 1540 2738 Par.
1489 2908 1525 2958 35
1487 2991 1534 3119 tripli-

1441 1469 1477 1622 cesque
1451 1652 1489 1696 S.
1450 1734 1487 1859 Allen
1450 1890 1486 1975 coll.
1449 2000 1487 2077 Ou.
1450 2104 1487 2199 Met.
1450 2223 1487 2309 viii.
1439 2334 1474 2411 452
1439 2432 1474 2488 sq.
1438 2694 1483 2747 36
1434 2777 1483 2923 neunt']
1443 2963 1475 3119 canunt

1343 1466 1436 1777 ileg'nsz'usssort.
1395 1802 1430 1895 recte
1385 2058 1432 2110 38
1395 2140 1433 2259 diues
1396 2284 1432 2424 merito
1383 2443 1430 2671 suspectum
1392 2793 1435 2951 luridus
1390 2975 1429 3117 Orcus

1345 1498 1369 1522 α
1344 1550 1378 1617 ent
1342 1671 1367 1701 r.
