5010 3336
4015 1471 4066 1962 PANEGYRICVS
4016 2002 4063 2409 MESSALLAE

3886 1536 3915 1649 nam
3870 1689 3932 1796 quis
3884 1834 3921 1880 te
3883 1918 3931 2100 maiora
3869 2136 3930 2255 gerit
3882 2292 3931 2523 castrisue
3881 2560 3928 2767 foroue?

3805 1470 3835 1559 nec
3805 1599 3841 1762 tamen
3804 1803 3851 1881 hic
3804 1918 3839 2000 aut
3803 2038 3850 2116 hic
3803 2154 3849 2241 tibi
3803 2278 3847 2381 laus
3802 2420 3849 2635 maiorue
3791 2675 3849 2911 minorue,
3793 3072 3829 3125 40

3725 1468 3773 1594 iusta
3710 1631 3771 1731 pari
3710 1770 3771 2003 premitur
3724 2040 3770 2190 ueluti
3724 2228 3753 2339 cum
3708 2379 3767 2597 pondere
3711 2634 3769 2767 libra,

3631 1469 3675 1622 prona
3644 1659 3674 1749 nec
3645 1787 3690 1877 hac
3630 1915 3688 2021 plus
3629 2059 3680 2193 parte
3643 2232 3689 2369 sedet
3643 2414 3673 2504 nec
3629 2542 3689 2689 surgit
3642 2726 3688 2788 ab
3630 2825 3689 2922 illa,

3552 1469 3612 1637 qualis,
3552 1680 3612 1995 inaequatum
3565 2034 3611 2072 si
3550 2110 3609 2310 quando
3564 2349 3594 2472 onus
3549 2510 3600 2647 urget
3547 2683 3609 2942 utrimque,

3485 1468 3533 1706 instabilis
3485 1746 3522 1878 natat
3485 1914 3529 2103 alterno
3471 2140 3531 2415 depressior
3484 2452 3530 2582 orbe.

3406 1534 3435 1648 nam
3405 1687 3435 1771 seu
3405 1810 3452 1987 diuersi
3406 2025 3450 2196 fremat
3405 2232 3452 2560 inconstantia
3389 2585 3451 2730 uulgi,
3391 3071 3428 3122 45

3325 1468 3355 1568 non
3325 1605 3372 1727 alius
3325 1766 3370 1936 sedare
3311 1974 3362 2152 queat:
3325 2202 3355 2286 seu
3324 2326 3372 2500 iudicis
3324 2538 3372 2606 ira

3245 1467 3291 1526 sit
3230 1564 3289 1817 placanda,
3245 1859 3291 1953 tuis
3230 1992 3291 2169 poterit
3243 2208 3291 2461 mitescere
3242 2498 3290 2673 uerbis.

3163 1466 3193 1567 non
3149 1607 3208 1749 Pylos
3164 1787 3201 1870 aut
3164 1909 3209 2078 Ithace
3163 2117 3201 2278 tantos
3148 2314 3210 2541 genuisse
3162 2577 3207 2797 feruntur

3083 1466 3129 1677 Nestora
3083 1715 3128 1792 uel
3069 1831 3113 2009 paruae
3069 2047 3114 2279 magnum
3082 2318 3128 2469 decus
3082 2508 3129 2639 urbis
3070 2677 3129 2867 Vlixen,

3002 1465 3050 1636 uixerit
3002 1674 3050 1752 ille
3003 1790 3033 1937 senex
2989 1974 3050 2213 quamuis,
3002 2254 3048 2373 dum
3002 2410 3039 2546 terna
2987 2582 3032 2667 per
3000 2704 3048 2875 orbem
2988 3074 3028 3126 50

2921 1466 2966 1660 saecula
2922 1697 2969 1932 fertilibus
2923 1971 2970 2119 Titan
2922 2156 2968 2431 decurreret
2908 2469 2969 2613 horis,

2839 1465 2887 1544 ille
2825 1583 2872 1666 per
2826 1705 2888 1893 ignotas
2841 1930 2887 2091 audax
2841 2127 2888 2355 errauerit
2830 2392 2887 2548 urbes,

2745 1465 2789 1561 qua
2761 1599 2807 1742 maris
2761 1781 2808 2006 extremis
2761 2046 2806 2186 tellus
2760 2225 2808 2488 includitur
2760 2524 2807 2684 undis.

2680 1464 2709 1577 nam
2666 1618 2727 1963 Ciconumque
2681 2001 2711 2174 manus
2681 2211 2727 2429 aduersis
2665 2466 2727 2677 reppulit
2665 2711 2728 2877 armis,

2598 1464 2628 1555 nec
2599 1594 2646 1745 ualuit
2600 1782 2644 1908 lotos
2586 1946 2637 2149 coeptos
2600 2187 2637 2404 auertere
2589 2441 2630 2624 cursus,
2585 3076 2625 3125 55

2518 1464 2565 1608 cessit
2518 1646 2556 1693 et
2519 1731 2563 1980 Aetnaeae
2505 2020 2567 2300 Neptunius
2520 2339 2567 2500 incola
2504 2537 2566 2671 rupis

2438 1464 2484 1594 uicta
2438 1634 2482 1875 Maroneo
2439 1914 2485 2139 foedatus
2439 2178 2486 2363 lumina
2439 2400 2486 2619 baccho:

2356 1463 2404 1593 uexit
2357 1631 2394 1678 et
2357 1716 2405 1916 Aeolios
2344 1955 2406 2204 placidum
2344 2243 2389 2327 per
2359 2365 2404 2526 Nerea
2357 2562 2397 2772 uentos:

2277 1464 2324 1675 incultos
2278 1713 2325 1833 adiit
2265 1872 2323 2225 Laestrygonas
2265 2263 2327 2681 Antiphatenque‚

2196 1463 2243 1642 nobilis
2197 1681 2245 1877 Artacie
2182 1914 2245 2074 gelida
2184 2111 2228 2234 quos
2184 2272 2246 2445 inrigat
2198 2481 2243 2643 unda:
2194 3072 2234 3123 60

2111 1464 2159 1622 solum
2116 1660 2146 1752 nec
2116 1789 2161 1965 doctae
2118 2003 2155 2251 uerterunt
2104 2288 2163 2465 pocula
2106 2502 2165 2680 Circes,

2019 1464 2081 1689 quamuis
2035 1724 2082 1808 illa
2035 1845 2080 1967 foret
2035 2004 2083 2129 Solis
2022 2166 2066 2333 genus,
2022 2374 2073 2486 apta
2037 2522 2081 2600 uel
2036 2639 2084 2800 herbis

1938 1464 1995 1736 †aptaque†
1954 1774 1999 1853 uel
1955 1891 1992 2038 cantu
1955 2075 1993 2263 ueteres
1956 2302 1992 2489 mutare
1943 2524 2002 2731 figuras:

1870 1464 1919 1770 Cimmerion
1872 1807 1920 1954 etiam
1873 1993 1921 2224 obscuras
1875 2261 1923 2464 accessit
1876 2500 1922 2563 ad
1866 2599 1907 2747 arces,

1741 1516 1778 1646 39-47
1753 1680 1790 1827 habent
1753 1846 1791 1942 Par.
1754 1976 1790 2047 lzoc
1754 2065 1792 2203 ordine
1745 2233 1781 2377 45—477
1745 2403 1781 2533 39-44
1745 2558 1794 2609 (et
1746 2628 1795 2745 sic-g)
1747 2939 1782 2993 39
1755 3024 1781 3119 nam

1687 1462 1734 1553 quis
1698 1585 1729 1627 tc
1698 1658 1736 1719 F:
1699 1765 1723 1858 nam
1688 1896 1735 2051 quique
1701 2084 1739 2110 t¹
1691 2146 1739 2173 (¹
1700 2206 1725 2301 corr.
1701 2338 1725 2450 ulan.
1691 2475 1739 2638 prima)
1705 2670 1741 2742 A:
1703 2787 1729 2865 nec
1692 2899 1739 3119 quisquam

1643 1460 1680 1559 Par.
1644 1703 1681 1907 castrisue
1646 1939 1683 2037 Par.
1647 2061 1684 2229 Plana:
1648 2270 1684 2395 cartis
1649 2426 1672 2476 ne
1650 2507 1686 2579 A:
1650 2619 1687 2744 cartis
1650 2781 1675 2832 ue
1648 2872 1687 3120 Cmaczmms

1581 1460 1613 1513 40
1590 1544 1626 1611 hic
1590 1633 1622 1704 aut
1592 1726 1627 1791 hie
1591 1814 1628 1887 tibi
1591 1919 1627 1981 F:
1592 2012 1629 2089 hec
1592 2110 1624 2180 aut
1593 2201 1629 2278 hec
1594 2301 1631 2371 tibi
1595 2403 1632 2500 Par.
1596 2525 1619 2533 z
1596 2564 1632 2629 hic
1596 2654 1628 2723 aut
1597 2747 1633 2820 tibi
1598 2851 1633 2890 A
1586 3066 1619 3117 42

1523 1453 1569 1550 post
1525 1581 1559 1631 44
1524 1665 1575 1916 reponendus
1538 1950 1575 2113 uidetur
1530 2332 1564 2382 43
1541 2413 1577 2485 scd
1532 2519 1578 2650 magis
1532 2685 1574 2909 aequatum
1543 2945 1579 2978 si
1540 3011 1580 3109 Par.

1470 1460 1515 1511 46
1482 1542 1506 1665 nemo
1473 1689 1519 1820 magis
1483 1840 1519 1991 sedare
1484 2021 1522 2121 Par.
1476 2274 1511 2324 55
1487 2358 1511 2434 nec
1475 2458 1519 2513 ψε
1488 2544 1511 2626 non
1489 2659 1526 2698 A
1488 2723 1525 2860 Plaazl.
1486 2977 1525 3115 lotlios

1427 1460 1463 1521 F:
1417 1553 1464 1711 ciclyps
1430 1744 1467 1783 A
1419 1926 1461 2099 coeptos
1419 2130 1465 2185 ψε
1422 2217 1461 2361 captos
1433 2389 1469 2451 F:
1423 2483 1463 2646 tempus
1435 2676 1471 2716 A
1434 2860 1466 3054 auertere
1422 3087 1467 3116 ψ

1373 1459 1411 1596 Plant.
1373 1620 1396 1628 :
1374 1673 1405 1863 euertere
1375 1898 1412 2168 Cuiacianus:
1379 2214 1409 2377 uertere
1381 2407 1416 2447 A
1369 2485 1415 2597 (cum
1380 2634 1418 2759 unius
1381 2788 1418 2937 litterae
1380 2966 1412 3058 ante
1380 3088 1404 3111 u

1308 1458 1357 1607 spatio)
1319 1632 1343 1640 ε
1320 1669 1351 1915 conuertere
1309 1955 1358 2013 Vg
1315 2175 1360 2226 56
1324 2258 1355 2297 et
1313 2322 1349 2355 g
1326 2384 1362 2517 Plant.
1326 2541 1349 2547 :
1326 2581 1350 2661 om.
1328 2687 1365 2727 A
1315 2908 1351 2960 59
1326 2989 1364 3113 Anti-

1255 1460 1302 1700 phatenque
1253 1726 1289 1759 g
1266 1787 1303 1953 Plana:
1258 1983 1305 2326 antiphatemque
1273 2356 1307 2397 A
1273 2574 1308 2627 60
1273 2656 1310 2826 Artacie
1260 2857 1306 2916 ψε
1271 2947 1303 3110 artacre

1212 1459 1249 1499 A
1200 1612 1248 1751 gelida
1199 1780 1245 1836 ψε
1202 1866 1250 2028 gelidos
1215 2058 1251 2096 A
1216 2131 1253 2266 Plant.
1207 2400 1255 2545 irrigat
1218 2574 1255 2645 A:
1208 2676 1256 2799 erigit
1220 2830 1256 2871 F
1208 3055 1253 3105 63

1145 1458 1188 1601 captas
1156 1623 1193 1689 uel
1149 1710 1196 2040 Baelzrens‚s0rt.
1160 2064 1198 2131 uel
1162 2155 1193 2276 cantu
1163 2300 1200 2433 uictas
1154 2595 1200 2645 64
1164 2678 1189 2795 arces
1164 2825 1202 2913 AF
