5010 3336
991 1409 1036 1538 LIB.
991 1328 1036 1364 Ι.
991 1154 1036 1287 VIII

1129 2700 1192 2818 quid
1145 2486 1191 2661 queror
1129 2353 1177 2449 heu
1127 2137 1176 2314 misero
1144 1901 1175 2098 carmen
1127 1623 1185 1862 nocuisse,
1127 1460 1189 1580 quid
1127 1210 1175 1422 herbas?

1213 2599 1258 2754 forma
1210 2442 1257 2562 nihil
1209 2203 1272 2402 magicis
1209 2016 1256 2165 utitur
1209 1757 1257 1981 auxiliis:

1294 2734 1341 2820 sed
1308 2521 1354 2697 corpus
1290 2268 1352 2483 tetigisse
1300 2070 1349 2230 nocet,
1292 1942 1338 2029 sed
1292 1759 1353 1904 longa
1289 1526 1338 1722 dedisse
1309 1156 1349 1202 25

1374 2576 1429 2755 oscula,
1373 2449 1419 2535 sed
1370 2239 1419 2410 femori
1370 1896 1419 2201 conseruisse
1373 1690 1419 1858 femur.

1470 2732 1501 2822 nec
1462 2644 1500 2694 tu
1452 2397 1500 2606 difficilis
1469 2207 1514 2360 puero
1462 2003 1499 2168 tamen
1470 1860 1499 1966 csse
1460 1540 1500 1821 memento:

1533 2451 1595 2757 persequitur
1532 2243 1595 2415 poenis
1532 2052 1580 2203 tristia
1536 1888 1581 2015 facta
1536 1669 1581 1853 Venus.

1631 2623 1661 2823 munera
1631 2525 1661 2586 ne
1631 2281 1676 2488 poscas:
1615 2148 1661 2231 det
1631 1908 1662 2109 munera
1632 1720 1662 1870 canus
1622 1480 1673 1682 amator,

1704 2707 1741 2759 ut
1696 2506 1742 2670 foueat
1695 2334 1742 2467 molli
1694 2123 1755 2293 frigida
1696 1862 1742 2084 membra
1695 1702 1742 1825 sinu,
1714 1157 1754 1206 30

1775 2673 1823 2827 carior
1785 2565 1823 2637 est
1792 2410 1823 2529 auro
1774 2167 1833 2372 iuuenis,
1774 2048 1822 2125 cui
1775 1881 1823 2009 leuia
1778 1658 1837 1843 fulgent

1872 2679 1903 2761 ora
1873 2550 1903 2642 nec
1858 2261 1917 2514 amplexus
1872 2052 1917 2222 aspera
1857 1862 1903 2014 barba
1857 1702 1904 1825 terit.

1936 2715 1984 2827 huic
1946 2627 1984 2677 tu
1938 2319 1984 2588 candentes
1954 2110 1984 2281 umero
1954 1848 1999 2072 suppone
1940 1590 1996 1810 lacertos,

2027 2716 2065 2763 et
2035 2513 2080 2678 regum
2035 2268 2080 2472 magnae
2018 1895 2080 2230 despiciantur
2036 1725 2081 1858 opes.

2108 2783 2146 2831 at
2101 2577 2146 2746 Venus
2098 2318 2147 2538 inueniet
2116 2128 2161 2281 puero
2100 1758 2147 2089 concumbere
2099 1540 2157 1719 furtim,
2120 1190 2159 1211 3,

2182 2647 2229 2764 dum
2180 2469 2228 2607 timet
2190 2384 2229 2431 et
2190 2152 2229 2347 teneros
2180 1903 2229 2114 conserit
2198 1708 2243 1864 usque
2181 1521 2239 1669 sinus,

2270 2785 2309 2831 et
2263 2634 2310 2748 dare
2261 2348 2310 2597 anhelanti
2262 1977 2324 2309 pugnantibus
2262 1770 2310 1939 umida
2262 1558 2325 1733 linguis

2345 2598 2389 2765 oscula
2353 2514 2390 2560 et
2343 2428 2390 2475 in
2344 2260 2390 2387 collo
2344 2076 2404 2222 figere
2344 1890 2391 2038 dente
2354 1698 2391 1852 notas.

2439 2733 2470 2832 non
2423 2574 2485 2693 lapis
2425 2409 2471 2535 hanc
2440 2047 2486 2371 gemmaeque
2423 1826 2482 2010 iuuant,
2442 1658 2486 1785 quae
2424 1447 2487 1621 frigore
2426 1306 2474 1409 sola

2504 2555 2551 2766 dormiat
2514 2471 2552 2517 ct
2504 2314 2551 2433 nulli
2505 2216 2551 2275 sit
2504 1934 2566 2179 cupienda
2505 1778 2553 1897 uiro.
2529 1165 2566 1215 40

2584 2739 2631 2833 heu
2602 2593 2632 2700 sero
2596 2299 2631 2555 reuocatur
2602 2126 2632 2263 arnor
2602 1882 2647 2089 seroque
2586 1619 2634 1845 iuuentas

2682 2656 2712 2767 cum
2676 2475 2712 2616 uetus
2665 2270 2713 2435 infecit
2683 2110 2713 2232 cana
2676 1875 2714 2073 senecta
2677 1678 2729 1838 caput.

2754 2734 2793 2835 tum
2746 2478 2793 2694 studium
2748 2253 2794 2437 formae
2756 2110 2793 2214 est:
2764 1916 2795 2059 coma
2757 1775 2795 1879 tum
2758 1507 2808 1734 mutatur,
2758 1412 2797 1465 ut
2766 1219 2797 1376 annos

2827 2496 2875 2769 dissimulet
2827 2315 2875 2458 uiridi
2827 2095 2875 2277 cortice
2828 1906 2875 2057 tincta
2829 1700 2876 1869 nucis:

2909 2669 2956 2836 tollere
2918 2529 2955 2631 tum
2925 2374 2956 2488 cura
2919 2264 2957 2336 est
2911 2088 2956 2226 albos
2926 2023 2956 2050 a
2909 1837 2972 1985 stirpe
2910 1597 2972 1800 capillos
2934 1170 2972 1221 45

2998 2724 3036 2770 et
2990 2513 3037 2686 faciem
2992 2272 3052 2474 dempta
2992 2108 3053 2234 pelle
2992 1897 3038 2070 referre
3008 1663 3039 1858 nouam.

3079 2790 3118 2838 at
3079 2703 3118 2753 tu
3073 2547 3118 2665 dum
3071 2366 3134 2508 primi
3073 2187 3119 2326 floret
3072 2062 3119 2149 tibi
3072 1790 3134 2023 temporis
3083 1620 3121 1752 aetas

3160 2606 3199 2771 utere:
3169 2454 3199 2555 non
3154 2275 3199 2415 tardo
3153 2059 3199 2237 labitur
3152 1942 3199 2022 illa
3155 1765 3215 1905 pede.

2121 1164 2160 1183 ¹0

3248 2744 3279 2837 neu
3235 2422 3281 2705 Marathum
3244 2181 3296 2382 torque:
3251 1978 3295 2130 puero
3251 1815 3296 1940 quae
3236 1628 3298 1778 gloria
3238 1455 3287 1589 uicto
3242 1306 3288 1419 est?

3314 2725 3361 2773 in
3325 2499 3363 2686 ueteres
3326 2356 3363 2460 esto
3318 2184 3375 2318 dura,
3318 1968 3378 2143 puella,
3335 1773 3365 1927 senese
3343 1171 3383 1223 50

3446 2735 3481 2785 26
3444 2562 3483 2704 femini
3445 2366 3485 2529 Statius
3459 2286 3483 2335 ex
3446 2072 3484 2252 Charisii
3446 1950 3484 2043 locis
3447 1808 3497 1917 infra
3450 1602 3487 1772 citandis
3465 1338 3500 1389 29
3466 1232 3490 1307 nec
3458 1174 3502 1202 ψ

3509 2788 3545 2840 3ο
3499 2614 3537 2756 foueas
3504 2556 3549 2584 ψ
3514 2285 3549 2335 35
3501 2195 3551 2254 at]
3515 2116 3539 2161 ac
3501 1872 3539 2083 Baehrens
3504 1543 3543 1732 inueniet
3510 1455 3553 1511 ab:
3507 1250 3545 1410 inuenit
3508 1179 3544 1219 A

3554 2788 3599 2842 36
3559 2628 3591 2757 tumet
3558 2571 3603 2599 ψ
3567 2235 3592 2459 conserere
3555 2058 3605 2201 IJeyne
3570 1855 3606 1907 39
3557 1685 3595 1825 iuuant
3572 1554 3607 1662 quac
3559 1468 3598 1525 V:
3562 1240 3608 1435 iuuatquc
3562 1176 3598 1214 A

3619 2793 3653 2842 41
3608 2562 3646 2756 iuuentas
3610 2500 3659 2537 (S
3610 2428 3647 2477 ab
3610 2279 3647 2406 alferaz
3624 2124 3646 2255 manu
3614 1805 3660 2101 supplaudunt)
3614 1741 3649 1780 A
3627 1710 3650 1716 :
3614 1509 3650 1677 iuuenta
3614 1442 3650 1481 V
3618 1174 3662 1309 43v46

3660 2695 3699 2841 habent
3662 2564 3701 2663 Par.
3677 2318 3712 2369 43
3670 2202 3701 2287 tum
3667 2028 3714 2177 (prius
3665 1931 3701 2001 A:
3679 1790 3703 1897 nunc
3667 1658 3705 1756 Par.
3675 1480 3704 1563 tuin
3671 1179 3718 1421 poslcrz’nsH

3720 2745 3752 2840 tunc
3715 2643 3754 2715 A:
3730 2503 3755 2612 nunc
3717 2381 3756 2480 Pa».
3732 2161 3767 2211 44
3720 1911 3757 2129 dissimilet
3720 1839 3755 1878 A
3735 1646 3769 1694 45
3723 1458 3759 1613 uellere
3724 1177 3760 1423 (’()›71elrsscn

3768 2734 3818 2840 tum]
3776 2611 3809 2708 tunc
3772 2549 3808 2590 A
3786 2517 3810 2524 :
3786 2379 3810 2485 nunc
3772 2258 3811 2357 Par.
3776 1905 3823 1956 46
3776 1707 3824 1874 dempta
3776 1573 3824 1684 pelle
3790 1458 3813 1550 cum
3790 1281 3815 1433 nouam
3783 1179 3816 1260 arla

3824 2636 3862 2840 cohaerent
3840 2419 3875 2471 49
3840 2310 3864 2389 neu
3842 2232 3878 2291 g:
3841 2128 3866 2201 seu
3827 2062 3865 2103 A
