5010 3336
1038 2571 1084 2816 interdum
1043 2367 1091 2532 uouet‚
1033 2069 1089 2327 interdum,
1032 1891 1092 2026 quod
1032 1626 1091 1852 langueat
1029 1496 1087 1588 illa,

1117 2632 1165 2750 dicit
1117 2546 1163 2593 in
1125 2283 1163 2507 aeternos
1129 2075 1175 2246 aspera
1112 1888 1158 2038 uerba
1112 1716 1158 1850 deos.

1216 2689 1261 2816 pone
1207 2450 1255 2649 metum,
1195 2140 1253 2407 Cerinthe3
1195 1970 1241 2090 deus
1210 1832 1240 1930 non
1192 1644 1240 1793 laedit
1203 1374 1240 1607 amantes.

1290 2698 1326 2748 tu
1280 2508 1326 2658 modo
1294 2277 1339 2469 semper
1292 2101 1323 2240 ama:
1277 1914 1322 2049 salua
1276 1716 1336 1876 puella
1273 1590 1321 1677 tibi
1283 1466 1321 1551 cst.

1361 2749 1406 2814 nil
1376 2588 1421 2712 opus
1368 2478 1406 2549 est
1360 2292 1405 2440 fletu:
1356 2030 1403 2238 lacrimis
1355 1904 1402 1991 erit
1355 1706 1416 1866 aptius
1354 1580 1413 1667 uti,

1440 2711 1487 2748 si
1441 2472 1501 2673 quando
1438 2292 1486 2434 fuerit
1437 2075 1484 2253 tristior
1437 1956 1483 2037 illa
1436 1818 1484 1918 tibi.

1531 2768 1568 2814 at
1538 2599 1568 2729 nunc
1530 2459 1568 2560 tota
1531 2338 1567 2420 tua
1530 2213 1578 2297 est,
1529 2123 1565 2169 te
1521 1926 1566 2083 solum
1518 1672 1565 1885 candida
1534 1467 1565 1634 secum

1602 2554 1664 2749 cogitat,
1610 2467 1648 2513 et
1603 2256 1648 2428 frustra
1602 2019 1647 2217 credula
1600 1838 1646 1979 turba
1600 1649 1646 1799 sedet.

1684 2598 1741 2812 Phoebe,
1684 2418 1729 2557 fauet
1684 2265 1729 2368 laus
1698 2047 1743 2223 magna
1680 1923 1727 2009 tibi
1680 1644 1727 1883 tribuetur
1680 1558 1726 1607 in
1696 1420 1727 1519 uno

1780 2545 1826 2747 corpore
1772 2315 1810 2507 seruato
1761 2010 1809 2276 restituisse
1763 1832 1808 1971 duos.

1846 2721 1892 2814 iam
1845 2478 1901 2681 celeber,
1844 2341 1890 2436 iam
1845 2148 1890 2303 laetus
1842 2002 1900 2108 eris,
1858 1848 1888 1961 cum
1842 1641 1889 1809 debita
1843 1432 1890 1604 reddet

1925 2531 1973 2748 certatim
1924 2310 1971 2489 sanctis
1926 2117 1971 2271 laetus
1932 1871 1985 2076 uterque
1923 1698 1970 1832 focis.

2018 2698 2053 2814 tunc
2016 2615 2053 2661 te
2005 2386 2053 2577 felicem
2004 2216 2052 2345 dicet
2004 2097 2066 2177 pia
2004 1917 2051 2060 turba
2005 1657 2064 1882 deorum,

2086 2506 2148 2747 optabunt
2094 2342 2133 2468 artes
2093 2257 2133 2303 et
2084 2126 2132 2218 sibi
2084 1877 2147 2086 quisque
2094 1720 2131 1839 tuas.

2227 2336 2293 2644 [TIBVLLI
2230 2165 2275 2293 LIB.
2229 2023 2274 2119 III.
2228 1729 2273 1979 XI=IV.
2222 1619 2290 1687 V]

2327 2714 2385 2813 Qvl
2324 2554 2371 2673 mihi
2335 2456 2381 2516 te,
2322 2165 2380 2414 Cerinthe,
2322 2030 2369 2133 dies
2321 1841 2380 1990 dedit,
2320 1720 2367 1799 hic
2320 1562 2367 1681 mihi
2329 1327 2368 1523 sanctus

2414 2602 2467 2748 atque
2404 2440 2451 2563 inter
2405 2254 2451 2401 festos
2420 2022 2465 2213 semper
2402 1724 2449 1983 habendus
2400 1582 2448 1684 erit.

2500 2770 2534 2814 tc
2495 2499 2533 2730 nascente
2502 2274 2533 2461 nouum
2487 2052 2531 2233 Parcae
2483 1791 2531 2012 cecinere
2482 1578 2544 1751 puellis

2567 2496 2615 2747 seruitium
2574 2411 2613 2457 et
2567 2130 2613 2372 dederunt
2581 1942 2626 2090 regna
2564 1693 2625 1905 superba
2562 1556 2610 1656 tibi.

2666 2704 2696 2814 uror
2665 2578 2710 2668 ego
2656 2426 2695 2539 ante
2646 2241 2694 2389 alias:
2646 2055 2694 2189 iuuat
2647 1908 2702 2015 hoc,
2644 1616 2702 1864 Cerinthe,
2646 1437 2707 1573 quod
2660 1275 2702 1399 uror,

2730 2710 2777 2746 si
2729 2585 2777 2671 tibi
2730 2484 2777 2547 de
2728 2304 2777 2447 nobis
2738 2065 2775 2264 mutuus
2727 1901 2789 2025 ignis
2728 1710 2774 1863 adest.

2823 2615 2858 2812 mutuus
2810 2452 2858 2579 adsit
2826 2264 2868 2414 amor,
2826 2137 2871 2222 per
2819 2052 2857 2099 te
2807 1727 2856 2012 dulcissima
2808 1564 2854 1689 furta

2908 2565 2955 2747 perque
2900 2416 2939 2526 tuos
2893 2206 2938 2376 oculos
2907 2082 2953 2166 per
2889 1724 2951 2041 Geniumque
2905 1554 2950 1685 rogo.

2991 2639 3035 2811 magne
2972 2460 3031 2601 Geni,
2989 2297 3034 2418 cape
2981 2154 3019 2258 tura
2972 1956 3019 2115 libens
2970 1684 3032 1913 uotisque
2972 1468 3029 1645 fauete,

3055 2711 3101 2746 si
3056 2507 3111 2670 modo,
3070 2352 3101 2465 cum
3055 2249 3101 2311 de
3070 2132 3100 2210 me
3052 1899 3114 2094 cogitat,
3051 1778 3099 1857 ille
3053 1602 3098 1739 calet.

3138 2680 3198 2811 quod
3135 2604 3182 2641 si
3137 2445 3182 2565 forte
3134 2287 3181 2407 alios
3133 2151 3181 2247 iam
3150 1979 3181 2111 nunc
3132 1730 3195 1939 suspiret
3149 1487 3190 1693 amores,

3228 2643 3263 2745 tum
3232 2434 3278 2604 precor
3215 2202 3272 2397 infidos,
3224 1980 3271 2160 sancte,
3213 1716 3275 1936 relinque
3215 1528 3260 1677 focos.

893 1576 959 1882 [TIBVLLI
895 1406 940 1533 LIB.
894 1264 940 1359 III.
933 1208 939 1221 -

2666 1151 2674 1163 ,-

2679 1149 2687 1164 -s

2694 1160 2701 1167 ι

3071 1144 3098 1189 10

3361 2698 3388 2757 21.
3362 2621 3386 2670 22
3354 2503 3399 2594 post
3351 2421 3387 2469 16
3348 2220 3399 2397 reposuit
3351 2166 3397 2193 ψ
3359 1920 3395 1964 17
3351 1843 3383 1884 at
3344 1744 3382 1807 V:
3357 1668 3381 1713 ac
3343 1595 3379 1634 Α
3356 1334 3390 1383 24
3342 1147 3393 1301 laetu-8]

3410 2668 3451 2811 gratus
3404 2366 3453 2637 Marlignotz:
3404 2226 3441 2335 lotus
3401 1872 3440 2193 Brouklmsius:
3400 1703 3437 1840 lautus
3398 1522 3448 1672 Haupt

3457 2697 3495 2757 XI
3472 2646 3495 2659 1
3459 2528 3506 2609 Qui
3458 2405 3495 2503 mihi
3458 2312 3496 2373 F:
3458 2203 3495 2277 Est
3457 2113 3505 2180 qui
3456 2010 3491 2079 A:
3455 1925 3494 1973 St
3454 1833 3503 1903 qui
3454 1758 3491 1796 V
3467 1442 3501 1464 4
3452 1202 3490 1408 dederunt
3467 1144 3499 1174 g

3511 2674 3551 2811 Plant.
3527 2641 3549 2647 :
3515 2406 3551 2610 dederant
3512 2341 3549 2380 A
3512 2063 3550 2311 Cm'am'mms
3511 1842 3546 1867 6
3522 1758 3547 1810 ne
3512 1672 3559 1727 ψε
3521 1587 3546 1639 ne
3509 1513 3545 1563 de
3508 1442 3544 1482 A

3520 1255 3554 1273 7
3520 1144 3554 1219 per

3574 2773 3603 2811 te
3566 2655 3604 2742 AF
3582 2497 3618 2523 9
3580 2316 3616 2465 magne
3572 2224 3613 2283 φτ
3579 2072 3603 2192 mane
3564 2009 3601 2049 A
3564 1835 3603 1973 Plant.
3576 1637 3601 1685 10
3563 1486 3600 1607 cadet
3566 1398 3611 1454 ψε
3560 1256 3600 1364 ualet
3562 1182 3596 1219 A
3576 1148 3580 1153 „

3620 2699 3659 2810 {tolet
3622 2628 3659 2668 F
3635 2423 3660 2465 11
3622 2205 3671 2388 suspirat
3624 2147 3671 2174 ψ
3620 1987 3657 2125 Flam.
3632 1817 3656 1863 12
3624 1698 3657 1784 tum
3620 1618 3667 1675 ψε
3624 1486 3656 1585 tunc
3617 1423 3653 1461 A
