5010 3336
903 1392 948 1519 LIB.
903 1283 947 1348 ΙΙ.
902 1170 945 1237 VI

1054 2680 1093 2835 castra
1054 2512 1107 2643 peto,
1045 2215 1106 2474 ualeatque
1045 2007 1090 2177 Venus
1042 1674 1101 1968 ualeantque
1040 1416 1101 1637 puellae:

1136 2721 1173 2768 et
1125 2563 1172 2682 mihi
1134 2412 1172 2525 sunt
1124 2249 1172 2375 uires
1134 2164 1171 2211 et
1122 2005 1170 2125 mihi
1124 1842 1169 1967 laeta
1121 1687 1167 1805 tuba
1130 1566 1167 1650 est.
1139 1167 1164 1210 10

1224 2659 1268 2834 magna
1209 2436 1269 2623 loquor,
1208 2308 1254 2395 sed
1205 2010 1267 2268 magnifice
1202 1854 1250 1972 mihi
1219 1640 1263 1813 magna
1204 1436 1248 1602 locuto

1287 2516 1336 2769 excutiunt
1289 2286 1335 2480 clausae
1287 2106 1334 2247 fortia
1286 1918 1333 2069 uerba
1286 1742 1331 1881 fores.

1368 2683 1416 2836 iuraui
1368 2415 1430 2645 quotiens
1368 2109 1415 2377 rediturum
1368 2008 1414 2070 ad
1365 1800 1412 1968 limina
1368 1457 1425 1761 numquam!

1467 2658 1497 2770 cum
1450 2491 1497 2617 bene
1449 2286 1507 2452 iuraui,
1466 2158 1511 2243 pes
1458 1956 1495 2118 tamen
1447 1814 1509 1917 ipse
1446 1640 1493 1777 redit.

1547 2727 1578 2838 acer
1533 2518 1589 2687 Amor,
1532 2306 1578 2479 fractas
1530 2081 1577 2267 utinam
1539 1959 1575 2041 tua
1530 1827 1575 1921 tela
1526 1578 1588 1789 sagittas,
1546 1168 1581 1212 15

1610 2731 1657 2770 si
1610 2568 1668 2692 licet,
1610 2290 1658 2526 extinctas
1610 1917 1671 2251 aspiciamque
1610 1720 1654 1880 faces!

1699 2786 1737 2837 tu
1691 2514 1738 2746 miserum
1700 2264 1752 2475 torques,
1700 2171 1737 2221 tu
1707 2054 1737 2132 me
1688 1896 1735 2014 mihi
1687 1755 1735 1859 dira
1685 1534 1748 1718 precari

1772 2636 1834 2770 cogis
1783 2552 1819 2599 et
1772 2344 1819 2513 insana
1781 2141 1818 2304 mente
1772 1891 1817 2104 nefanda
1768 1706 1830 1854 loqui.

1853 2740 1900 2835 iam
1855 2574 1900 2700 mala
1853 2320 1900 2537 finissem
1854 2166 1905 2282 leto,
1854 2042 1899 2129 sed
1852 1808 1898 2005 credula
1850 1620 1897 1771 uitam

1950 2659 1997 2769 spes
1936 2487 1981 2621 fouet
1944 2402 1981 2450 et
1936 2263 1981 2365 fore
1950 2123 1981 2227 cras
1949 1894 1994 2086 semper
1931 1793 1978 1856 ait
1930 1566 1978 1755 melius.
1952 1167 1976 1214 20

2032 2725 2077 2836 spes
2015 2605 2063 2689 alit
2015 2320 2077 2569 agricolas,
2032 2168 2077 2278 spes
2014 1986 2061 2130 sulcis
2012 1794 2061 1948 credit
2011 1613 2059 1757 aratis

2096 2578 2144 2766 semina
2113 2415 2158 2541 quae
2112 2197 2158 2377 magno
2098 1963 2142 2160 faenore
2094 1752 2141 1926 reddat
2109 1575 2154 1715 ager:

2179 2713 2225 2835 haec
2178 2497 2238 2675 laqueo
2178 2222 2233 2459 uolucreS,
2178 2059 2223 2180 haec
2183 1858 2237 2021 captat
2172 1546 2220 1822 harundine
2172 1336 2235 1508 pisces,

2274 2655 2305 2769 cum
2267 2445 2304 2617 tenues
2258 2235 2303 2407 hamos
2255 2006 2303 2198 abdidit
2264 1858 2301 1971 ante
2253 1651 2301 1821 cibus:

2355 2725 2401 2835 spes
2337 2540 2385 2686 etiam
2336 2338 2384 2502 ualida
2339 2119 2385 2301 solatur
2336 1840 2398 2083 compede
2333 1546 2381 1803 uinctum:
2356 1167 2393 1213 25

2435 2629 2466 2768 crura
2427 2416 2465 2592 sonant
2420 2240 2475 2378 ferro,
2420 2112 2465 2199 sed
2416 1944 2465 2075 canit
2416 1782 2462 1907 inter
2431 1592 2476 1745 opus:

2516 2725 2561 2835 spes
2498 2494 2546 2686 facilem
2498 2199 2546 2453 Nemesim
2500 1949 2560 2161 spondet
2495 1778 2552 1911 mihi,
2496 1650 2543 1736 sed
2504 1467 2557 1611 negat
2495 1338 2542 1429 illa.

2579 2725 2627 2768 ei
2579 2553 2637 2686 mihi,
2596 2451 2626 2513 ne
2578 2231 2637 2413 uineas,
2580 2068 2626 2189 dura
2579 1857 2640 2031 puella,
2578 1656 2623 1815 deam.

2677 2681 2723 2836 parce,
2677 2554 2722 2639 per
2659 2258 2707 2517 immatura
2669 2109 2707 2220 tuae
2676 1900 2721 2072 precor
2674 1752 2705 1864 ossa
2656 1506 2703 1715 sororis:

2741 2700 2789 2768 sic
2742 2535 2789 2661 bene
2741 2404 2788 2497 sub
2750 2202 2788 2367 tenera
2758 2014 2802 2164 parua
2739 1758 2801 1976 quiescat
2739 1552 2785 1719 humo.
2758 1166 2795 1215 30

2823 2756 2868 2836 illa
2821 2600 2868 2718 mihi
2832 2393 2869 2561 sancta
2831 2272 2879 2356 est,
2821 2102 2869 2228 illius
2824 1931 2869 2064 dona
2820 1670 2881 1895 sepulcro

2912 2724 2949 2771 et
2904 2412 2951 2686 madefacta
2902 2253 2950 2373 meis
2912 2088 2950 2213 serta
2904 1902 2949 2051 feram
2898 1640 2957 1863 lacrimis,

2983 2711 3031 2837 illius
2986 2612 3032 2675 acl
2986 2330 3031 2575 tumulum
2984 2110 3045 2291 fugiam
2985 1766 3046 2070 supplexque
2980 1541 3028 1728 sedebo

3074 2725 3112 2772 et
3082 2578 3113 2687 mea
3082 2428 3113 2541 cum
3074 2250 3112 2389 muto
3067 2115 3113 2212 fata
3081 1904 3126 2078 querar
3064 1691 3110 1867 cinere.

3162 2740 3193 2838 non
3147 2584 3193 2701 feret
3163 2390 3208 2547 usque
3162 2210 3192 2353 suum
3154 2125 3192 2172 te
3155 1891 3207 2088 propter
3146 1739 3191 1853 flere
3142 1440 3191 1701 clientem:
3164 1171 3202 1216 33

3227 2648 3274 2774 illius
3236 2557 3274 2609 ut
3226 2346 3284 2520 uerbis,
3226 2240 3273 2303 sis
3226 2082 3273 2201 mihi
3228 1912 3273 2043 lenta
3235 1744 3282 1875 ueto,

3324 2779 3354 2840 ne
3307 2654 3354 2742 tibi
3306 2408 3368 2615 neglecti
3306 2175 3353 2370 mittant
3309 2010 3353 2137 mala
3306 1782 3353 1974 somnia
3321 1560 3361 1743 manes,

3398 2489 3449 2772 maestaque
3386 2262 3449 2450 sopitae
3396 2132 3434 2225 stet
3404 1958 3434 2094 soror
3396 1810 3433 1923 ante
3395 1596 3443 1770 torum,

3517 2730 3554 2787 VI
3530 2646 3555 2693 10
3516 2508 3554 2617 laeta
3516 2320 3566 2487 scrt‘pst:
3517 2181 3554 2287 facta
3515 2110 3552 2150 A
3518 1914 3552 1961 16
3516 1850 3553 1884 si
3516 1727 3553 1822 licet
3518 1651 3562 1707 ψῑ
3515 1457 3553 1617 scilicet
3513 1385 3549 1426 A
3527 1172 3563 1243 19-

3574 2787 3608 2839 26
3571 2614 3608 2758 habent
3571 2494 3610 2591 Par.
3584 2271 3618 2318 19
3572 2069 3608 2237 finirent
3570 1916 3607 2035 multi
3570 1795 3607 1879 leto
3570 1653 3607 1761 mala
3570 1460 3607 1630 credula
3570 1307 3605 1435 uitam
3570 1179 3607 1275 Par.

3638 2789 3661 2840 2ο
3632 2718 3661 2758 et
3626 2537 3662 2682 melius
3638 2412 3663 2503 cras
3626 2287 3662 2374 sore
3638 2084 3673 2254 semper
3625 1967 3671 2051 agit
3624 1837 3662 1934 Par.
3638 1549 3663 1610 21.
3636 1456 3659 1506 22
3623 1276 3659 1425 lmbcnf
3624 1177 3661 1245 Fr.

3691 2795 3715 2841 21
3680 2603 3716 2758 credita
3682 2481 3716 2580 ratis
3680 2385 3718 2451 F».
3692 2220 3715 2270 22
3680 2015 3716 2187 foenore
3679 1854 3715 1990 reddit
3678 1754 3716 1820 Fr.
3691 1586 3726 1637 32
3678 1424 3713 1552 seram
3680 1375 3726 1401 ψ
3691 1342 3714 1348 :
3676 1174 3714 1308 ferant

3733 2803 3768 2840 A
3734 2580 3780 2632 36
3740 2506 3770 2548 ut
3733 2386 3769 2485 dclcl
3732 2221 3782 2366 Ix't'glcr
3735 2006 3781 2058 38
3733 1811 3781 1975 sopitae
3732 1633 3769 1779 liabent
3733 1547 3769 1614 Fr.
