5010 3336
2696 3111 2762 3122 1⁶:122
2769 3106 3376 3127 Μὴ

886 1571 955 1878 [TIBVLLI
885 1419 931 1533 Lm

1055 2740 1086 2830 nec
1053 2611 1085 2702 nos
1036 2373 1083 2574 insanae
1030 2042 1080 2335 meditantes
1026 1852 1088 2004 iurgia
1022 1637 1071 1814 mentis

1117 2614 1180 2764 impia
1117 2529 1164 2578 in
1117 2259 1163 2493 aduersos
1110 1984 1158 2221 soluimus
1124 1863 1156 1947 ora
1108 1692 1153 1826 deos.

1211 2785 1249 2832 et
1201 2525 1248 2748 nondum
1195 2376 1245 2487 cani
1194 2177 1256 2339 nigros
1195 1958 1239 2140 laesere
1188 1706 1251 1922 capillos,
1197 1165 1234 1207 15

1298 2673 1329 2765 nec
1279 2500 1327 2636 uenit
1279 2323 1325 2463 tardo
1292 2135 1323 2286 curua
1281 1901 1320 2099 senecta
1270 1724 1332 1865 pede.

1364 2619 1410 2831 natalem
1359 2422 1423 2582 primo
1366 2163 1405 2384 nostrum
1354 1956 1402 2123 uidere
1359 1679 1413 1918 parenteS‚

1459 2650 1491 2764 cum
1439 2434 1488 2612 cecidit
1440 2297 1486 2397 fato
1437 2087 1484 2259 consul
1443 1844 1493 2049 uterque
1429 1690 1492 1806 pari.

1524 2711 1588 2831 quid
1524 2449 1571 2673 fraudare
1520 2277 1567 2412 iuuat
1518 2089 1566 2239 uitem
1512 1715 1563 2049 crescentibus
1507 1568 1556 1676 uuis

1614 2715 1653 2763 et
1606 2526 1651 2678 modo
1612 2374 1649 2489 nata
1602 2208 1647 2336 mala
1600 1993 1646 2172 uellere
1610 1806 1657 1955 poma
1592 1579 1638 1770 manu?
1603 1159 1630 1207 20

1686 2635 1750 2831 parcite,
1686 2357 1747 2594 pallentes
1682 2160 1728 2318 undas
1678 1822 1740 2123 quicumque
1671 1607 1720 1785 tenetis

1769 2543 1827 2764 duraque
1763 2351 1812 2504 sortiti
1762 2172 1810 2311 tertia
1775 1989 1821 2136 regna
1755 1860 1804 1952 dei.

1846 2636 1909 2828 Elysios
1845 2480 1893 2597 olim
1844 2298 1891 2441 liceat
1855 1964 1902 2261 cognoscere
1851 1724 1897 1927 campos

1928 2391 1986 2761 Lethaeamque
1932 2201 1970 2353 ratem
1916 1766 1977 2161 Cimmeriosque
1916 1580 1970 1728 lacuS,

2026 2716 2058 2830 cum
2024 2569 2054 2678 mea
2021 2358 2067 2533 rugosa
2002 2067 2065 2322 pallebunt
2015 1945 2046 2030 ora
2004 1711 2043 1910 senecta
2007 1160 2045 1207 25

2098 2715 2137 2762 et
2089 2474 2135 2678 referam
2083 2275 2147 2436 pueris
2091 2013 2143 2236 tempora
2077 1818 2141 1977 prisca
2092 1620 2123 1782 senex.

2179 2681 2232 2829 atque
2167 2455 2215 2642 utinam
2181 2285 2212 2416 uano
2162 1945 2224 2247 nequiquam
2168 1728 2205 1906 terrear
2157 1522 2202 1692 aestu!

2253 2528 2311 2762 languent
2256 2420 2295 2491 ter
2244 2207 2307 2383 quinos
2244 2082 2290 2168 sed
2257 1934 2287 2044 mea
2238 1676 2285 1898 membra
2235 1522 2282 1639 dies.

2341 2779 2381 2828 at
2330 2600 2378 2742 uobis
2331 2368 2375 2561 Tuscae
2326 2022 2374 2331 celebrantur
2319 1782 2367 1986 numina
2318 1515 2379 1745 lymphae

2422 2712 2460 2759 et
2410 2522 2458 2674 facilis
2411 2352 2456 2485 lenta
2406 2134 2469 2327 pellitur
2404 1963 2450 2097 unda
2416 1763 2447 1926 manu.
2412 1156 2451 1207 30

2493 2675 2542 2827 uiuite
2492 2458 2548 2636 felices,
2504 2175 2535 2416 memores
2494 2091 2533 2137 et
2482 1901 2531 2053 uiuite
2479 1698 2537 1863 nostri,

2575 2655 2622 2758 siue
2572 2439 2620 2618 erimus
2587 2316 2617 2400 seu
2584 2187 2615 2277 nos
2568 2052 2613 2149 fata
2563 1867 2610 2015 fuisse
2560 1664 2607 1830 uelint.

2656 2641 2705 2825 interea
2653 2446 2715 2605 nigras
2651 2193 2713 2409 pecudes
2644 1886 2710 2155 promittite
2641 1742 2689 1847 Diti

2746 2709 2785 2757 et
2734 2538 2783 2672 niuei
2732 2366 2781 2503 lactis
2731 2149 2794 2328 pocula
2726 1962 2774 2112 mixta
2739 1775 2771 1925 mero.

2873 2008 2919 2084 VI

2980 2573 3029 2821 CANDIDE
2974 2375 3031 2535 Liber,
2973 2186 3020 2333 ades:
2967 2068 3015 2136 sie
2966 1970 3013 2030 sit
2964 1844 3012 1933 tibi
2960 1601 3024 1805 mystica
2958 1443 3007 1555 uitis

3075 2548 3120 2754 semper,
3056 2440 3104 2508 sic
3055 2221 3102 2403 hedera
3060 1962 3111 2184 tempora
3045 1759 3093 1925 uincta
3044 1561 3089 1717 feras:

3143 2687 3190 2822 aufer
3150 2603 3188 2650 et
3139 2462 3201 2566 ipse
3152 2258 3184 2423 meum
3142 2053 3196 2220 patera
3128 1737 3176 2015 medicante
3126 1444 3171 1698 dolorem:

3238 2607 3284 2753 saepe
3230 2484 3267 2570 tuo
3216 2269 3266 2448 cecidit
3228 2030 3261 2231 munere
3209 1835 3257 1993 uictus
3222 1648 3254 1797 amor.

3363 2713 3399 2759 13
3349 2431 3387 2682 meditantes
3359 2371 3396 2405 g
3345 2206 3382 2343 Plant.
3357 2170 3380 2178 ·.
3338 1895 3379 2137 meditantis
3335 1824 3373 1863 A
3345 1541 3381 1600 15.
3333 1463 3369 1509 16
3330 1282 3368 1432 habent
3329 1154 3366 1251 Far.

3418 2768 3453 2814 15
3418 2636 3453 2737 sepe
3403 2446 3452 2613 quidem
3401 2332 3438 2423 cani
3400 2200 3437 2299 Par.
3396 1926 3431 1972 16
3405 1817 3429 1894 nec
3390 1680 3427 1794 uenit
3388 1530 3425 1658 tacito
3386 1399 3423 1496 Par.
3396 1152 3430 1213 19,

3471 2763 3497 2816 20
3459 2586 3495 2733 habent
3458 2500 3494 2565 Fr.
3456 2374 3493 2473 Par.
3465 2155 3499 2203 27
3450 1843 3497 2121 nequicquam
3449 1757 3493 1811 ijs:
3442 1420 3491 1725 necquicquam
3438 1347 3475 1386 Α
3450 1151 3485 1202 29

3520 2776 3551 2816 at
3514 2638 3550 2754 uobis
3526 2553 3561 2613 g:
3517 2482 3548 2523 at
3510 2341 3548 2458 nobis
3508 2039 3545 2308 (macianusz
3510 1926 3551 2006 atq:
3501 1782 3538 1902 nobis
3500 1713 3536 1752 A
3508 1490 3543 1540 32
3494 1316 3531 1458 uolent
3496 1258 3539 1286 ψ

3568 2706 3604 2762 VI
3579 2649 3603 2672 2
3567 2490 3603 2618 edera
3565 2311 3601 2459 hahent
3563 2223 3600 2290 Fr.
3571 1983 3607 2105 geras
3553 1629 3605 1958 gStatizrssort.
3555 1508 3588 1602 reste
3561 1326 3595 1349 3
3552 1150 3596 1294 patera

3622 2578 3660 2814 medicante
3619 2391 3656 2549 lVaard
3619 2207 3665 2371 nbmg:
3614 2017 3662 2176 pariter
3610 1751 3648 1993 medicando
3608 1681 3643 1719 A
3606 1491 3643 1653 Planta
3602 1300 3653 1457 pariles
3602 1150 3639 1277 medi-

3683 2722 3716 2814 cate
3677 2619 3725 2699 ipse
3673 2397 3723 2598 temptaui
