5010 3336
3950 2002 3997 2402 PRAEFATIO

3814 1375 3851 1562 nostras
3814 1602 3859 1663 de
3813 1707 3844 1765 eo
3813 1805 3861 2137 dubitationes
3813 2177 3859 2249 uir
3812 2292 3858 2467 doctus
3811 2508 3859 2734 Sidneius
3811 2775 3857 2832 G.
3808 2880 3857 3032 Owen

3733 1376 3781 1532 amice
3734 1559 3781 1751 sustulit
3734 1778 3781 1950 codice
3719 1976 3781 2083 ipso
3732 2110 3779 2275 denuo
3718 2302 3779 2538 inspecto.

3652 1444 3698 1645 Ceteros
3653 1695 3683 1866 omnes
3653 1915 3701 2063 libros
3638 2113 3683 2236 quos
3651 2285 3699 2433 hodie
3651 2476 3698 2706 nouimus
3650 2755 3695 2817 ab
3649 2857 3695 3032 eodem

3558 1376 3619 1514 quasi
3572 1554 3617 1688 fonte
3573 1722 3603 1750 a
3558 1787 3603 1887 quo
3572 1914 3619 2297 Ambrosianum
3571 2333 3601 2389 ac
3570 2415 3617 2711 Vaticanum
3554 2749 3615 3034 profluxisse

3480 1376 3529 1598 constat3
3478 1635 3539 1719 qui
3493 1758 3539 1796 si
3478 1833 3539 1951 quid
3492 1990 3538 2107 boni
3477 2145 3538 2325 proprii
3491 2362 3536 2425 ad
3475 2460 3536 2674 corporis
3474 2702 3534 2836 quod
3488 2863 3535 3034 dicunt

3411 1375 3459 1641 Tibulliani
3411 1669 3459 2067 emendationem
3400 2094 3458 2353 attulerint,
3410 2378 3457 2498 illud
3408 2526 3439 2673 omne
3408 2690 3454 2752 ab
3393 2770 3455 2965 ingenio
3406 2988 3444 3034 et

3330 1378 3379 1683 diuinatione
3331 1721 3361 1827 esse
3316 1858 3376 2146 profectum,
3331 2189 3378 2227 si
3330 2264 3361 2364 non
3314 2403 3365 2724 compertum,
3328 2770 3365 2818 at
3326 2862 3372 3031 saltem

3251 1376 3298 1607 credibile
3251 1635 3287 1721 est.
3236 1797 3281 1953 eaque
3250 1980 3296 2041 de
3250 2060 3280 2206 causa
3250 2223 3297 2455 librorum
3247 2474 3295 2709 lectiones
3247 2728 3284 2774 et
3247 2798 3292 3031 Italorum

3170 1376 3215 1635 doctorum
3171 1663 3200 1759 una
3170 1786 3207 1902 nota
3154 1929 3217 2004 (ψ)
3154 2032 3217 2275 complexi
3169 2302 3199 2483 sumus.
3167 2558 3205 2671 sunt
3166 2691 3204 2854 autem
3168 2872 3214 2921 in
3167 2940 3212 3033 hoc

3089 1375 3119 1580 numero
3090 1619 3137 1685 illi
3089 1722 3119 1749 a
3088 1794 3134 2116 Lachmanno
3088 2158 3117 2197 a.
3074 2252 3132 2375 1829
3086 2419 3134 2625 adhibiti
3084 2670 3132 2865 codices
3071 2910 3115 3033 quos

3008 1374 3054 1606 reducere
3009 1645 3055 1693 in
3007 1731 3053 1969 honorem
2993 2008 3054 2207 quidam
3006 2247 3051 2372 male
2991 2411 3036 2564 nuper
3004 2593 3052 2755 conati
2994 2789 3041 2935 sunt3
3004 2985 3051 3031 in

2927 1373 2973 1469 hoc
2913 1506 2958 1847 quoscumque
2912 1884 2974 1973 ipsi
2928 2007 2974 2056 in
2926 2093 2973 2233 Italia
2925 2266 2973 2445 alibiue
2910 2482 2973 2814 inspeximus;
2924 2851 2971 2899 in
2923 2939 2968 3033 hoc

2846 1374 2895 1757 Vallicellianius
2846 1790 2891 1842 B.
2835 1875 2891 1949 61,
2844 1989 2892 2300 Barberinius
2844 2332 2891 2394 vii
2829 2428 2873 2502 34,
2842 2534 2890 2861 Bononiensis
2827 2905 2886 3027 2875

2753 1375 2797 1583 quorum
2766 1637 2814 1903 lectionum
2764 1962 2812 2246 uarietatem
2765 2300 2812 2349 in
2763 2402 2811 2545 huius
2761 2602 2810 2830 editionis
2762 2887 2791 3029 usum

2687 1375 2735 1578 comiter
2687 1612 2734 1754 nobis
2672 1785 2733 2021 praestitit
2686 2060 2733 2131 uir
2685 2169 2731 2343 doctus
2684 2384 2729 2493 ioh.
2683 2532 2729 2577 S.
2670 2621 2730 2934 Phillimore3
2683 2982 2729 3029 in

2606 1372 2652 1468 hoc
2592 1495 2654 1709 denique
2606 1737 2643 1783 et
2592 1810 2651 2221 Guelferbytanus
2604 2249 2641 2294 et
2602 2322 2651 2629 Cuiacianus.

2513 1443 2571 1594 Quod
2525 1620 2571 1683 ad
2511 1711 2571 2149 Guelferbytanum
2513 2175 2572 2360 attinet,
2524 2383 2561 2453 tot
2508 2471 2560 2670 tamque
2521 2696 2568 2827 bona
2506 2844 2558 3031 reperta

2444 1374 2492 1603 exhibere
2444 1638 2474 1749 eum
2444 1785 2482 1976 constat
2444 2011 2481 2062 ut
2444 2096 2491 2191 iam
2443 2228 2474 2326 non
2441 2363 2490 2581 mirabile
2442 2616 2489 2675 sit
2429 2714 2487 3027 Baehrensio‚

2364 1372 2412 1679 festinantius
2364 1714 2394 1814 rem
2349 1840 2411 2014 agenti,
2349 2045 2411 2285 optimum
2362 2314 2409 2534 omnium
2360 2562 2392 2667 esse
2360 2694 2407 2853 uisum
2345 2879 2397 3031 utque

2270 1374 2332 1549 dignus
2284 1577 2332 1722 etiam
2284 1749 2314 1880 nunc
2283 1907 2331 2131 uideatur
2283 2157 2331 2293 cuius
2270 2312 2329 2560 lectiones,
2281 2584 2328 2621 si
2280 2641 2310 2739 non
2279 2761 2327 3030 maiuscula

2203 1372 2251 1529 littera
2204 1556 2249 1601 G
2189 1627 2249 1761 quod
2204 1787 2250 1850 ab
2204 1876 2251 1959 illo
2193 1985 2249 2180 factum,
2203 2211 2240 2258 at
2187 2285 2247 2485 paruula
2188 2505 2231 2551 g,
2186 2575 2245 2709 quod
2199 2736 2246 2796 ab
2187 2821 2246 3026 Hillero,

2108 1373 2171 1643 insignitae,
2122 1665 2170 1847 omisso
2108 1868 2167 2002 quod
2121 2023 2169 2171 hodie
2106 2192 2151 2362 parum
2119 2390 2165 2530 refert
2117 2552 2166 2831 discrimine
2117 2852 2164 3028 librarii

2042 1374 2073 1436 an
2041 1476 2089 1758 correctoris
2031 1796 2089 1985 fuerint,
2040 2028 2087 2197 turbae
2025 2237 2080 2272 ψ
2024 2313 2086 2496 uolgari
2037 2536 2085 2821 eximantur.
2035 2889 2073 3029 erunt

1961 1374 2007 1575 fortasse
1947 1603 2009 1685 qui
1962 1723 2009 1771 in
1947 1807 2007 2192 Guelferbytano
1945 2236 2006 2506 ceterisque
1957 2550 1988 2693 uerae
1942 2726 2004 3027 antiquitatis

1880 1375 1928 1540 tenuia
1881 1579 1928 1659 illa
1866 1699 1928 1901 quidem
1880 1945 1925 2031 sed
1879 2072 1917 2235 tamen
1864 2285 1926 2486 uestigia
1862 2527 1925 2601 (ut
1862 2640 1913 2757 puta
1861 2801 1920 3028 ‘parens’

1800 1376 1845 1427 ΙΙ
1800 1472 1830 1501 v
1800 1544 1829 1635 120
1799 1674 1837 1722 et
1799 1768 1847 2031 ‘amictus’
1799 2077 1844 2099 I
1799 2144 1828 2171 v
1782 2211 1846 2296 65)
1783 2340 1845 2579 dispicere
1796 2628 1843 2718 sibi
1794 2753 1842 3026 uideantur.

1720 1373 1750 1463 nos
1719 1502 1764 1635 nulla
1718 1671 1765 1791 haec
1718 1828 1749 1934 esse
1703 1971 1764 2354 haudquaquam
1704 2393 1763 2752 contendimus,
1713 2790 1759 3027 uellemus

1639 1374 1676 1565 tantum
1624 1591 1684 1729 plura
1638 1754 1676 1801 et
1638 1827 1685 2031 certiora
1637 2055 1685 2273 fuissent.

1558 1433 1603 1509 De
1544 1526 1605 1865 superstitibus
1557 1883 1605 2093 diximus
1557 2114 1605 2209 iam
1556 2231 1604 2484 codicibus
1544 2504 1584 2515 3
1554 2542 1585 2672 nunc
1553 2691 1599 2751 de
1539 2769 1599 3026 deperdito

1477 1373 1525 1653 dicendum.
1478 1728 1525 1823 iam
1477 1858 1524 2088 omnibus
1476 2126 1514 2297 notum
1475 2336 1506 2440 esse
1460 2478 1512 2597 puto
1473 2637 1519 2731 IaC.
1471 2771 1519 3026 Cuiacium

1382 1374 1445 1457 qui
1383 1502 1445 1701 Iosephi
1397 1752 1444 1873 Iusti
1382 1923 1444 2149 Scaligeri
1380 2193 1431 2478 praeceptor
1380 2519 1431 2666 atque
1392 2708 1439 2894 amicus
1390 2937 1437 3026 fuit

1316 1373 1361 1497 duos
1316 1518 1364 1747 habuisse
1316 1766 1363 1951 Tibulli
1315 1972 1363 2118 libros
1315 2140 1345 2287 manu
1299 2306 1361 2522 scriptos,
1312 2546 1358 2750 alterum
1296 2768 1359 3023 integrum,

1235 1371 1281 1576 alterum
1234 1620 1281 1942 decurtatum.
1234 2029 1282 2108 ille
1220 2151 1264 2298 quern
1232 2341 1281 2442 iure
1232 2483 1268 2649 nostro
1229 2699 1277 3022 Cuiacianum

1139 1372 1185 1714 nuncupamus
1154 1740 1202 1886 etiam
1153 1912 1201 2062 hodie
1153 2096 1191 2248 exstat
1152 2286 1201 2410 inter
1151 2438 1199 2586 libros
1148 2613 1196 2851 Samuelis
1147 2877 1193 3021 Allen

1065 2178 1114 2225 iv
