<?xml version="1.0" encoding="UTF-8"?>
<!DOCTYPE html PUBLIC "-//W3C//DTD XHTML 1.0 Transitional//EN"
    "http://www.w3.org/TR/xhtml1/DTD/xhtml1-transitional.dtd">
<html xmlns="http://www.w3.org/1999/xhtml" xml:lang="en" lang="en">
 <head>
  <title>
</title>
<meta http-equiv="Content-Type" content="text/html;charset=utf-8" />
  <meta name='ocr-system' content='tesseract 3.04.00' />
  <meta name='ocr-capabilities' content='ocr_page ocr_carea ocr_par ocr_line ocrx_word'/>
</head>
<body>
  <div class='ocr_page' id='page_1' title='image "./tibullialiorumqu00tibuuoft_raw_0058.png"; bbox 0 0 5010 3336; ppageno 0'>
   <div class='ocr_carea' id='block_1_1' title="bbox 1280 0 5010 3332">
    <p class='ocr_par' dir='ltr' id='par_1_1' title="bbox 1280 0 5010 3332">
     <span class='ocr_line' id='line_1_1' title="bbox 1280 0 5010 3332; textangle 270"><span class='ocrx_word' id='word_1_1' title='bbox 1280 0 5010 3332; x_wconf 95' lang='lat' dir='ltr'> </span> 
     </span>
    </p>
   </div>
   <div class='ocr_carea' id='block_1_2' title="bbox 4048 1476 4095 1759">
    <p class='ocr_par' dir='ltr' id='par_1_2' title="bbox 4048 1476 4095 1759">
     <span class='ocr_line' id='line_1_2' title="bbox 4048 1476 4095 1759; textangle 270"><span class='ocrx_word' id='word_1_2' title='bbox 4048 1476 4095 1759; x_wconf 74' lang='lat' dir='ltr'>&#39;I&#39;IBVLLI</span> 
     </span>
    </p>
   </div>
   <div class='ocr_carea' id='block_1_3' title="bbox 3651 1470 3957 3125">
    <p class='ocr_par' dir='ltr' id='par_1_3' title="bbox 3804 1472 3957 3016">
     <span class='ocr_line' id='line_1_3' title="bbox 3880 1472 3957 3016; textangle 270"><span class='ocrx_word' id='word_1_3' title='bbox 3915 1472 3950 1518; x_wconf 80' lang='lat' dir='ltr'>et</span> <span class='ocrx_word' id='word_1_4' title='bbox 3899 1556 3957 1703; x_wconf 85' lang='lat' dir='ltr'>quod,</span> <span class='ocrx_word' id='word_1_5' title='bbox 3910 1744 3957 1828; x_wconf 90' lang='lat' dir='ltr'>ubi</span> <span class='ocrx_word' id='word_1_6' title='bbox 3907 1866 3957 2119; x_wconf 86' lang='lat' dir='ltr'>indomitis</span> <span class='ocrx_word' id='word_1_7' title='bbox 3891 2156 3951 2380; x_wconf 81' lang='lat' dir='ltr'>gregibus</span> <span class='ocrx_word' id='word_1_8' title='bbox 3900 2419 3947 2587; x_wconf 85' lang='lat' dir='ltr'>Venus</span> <span class='ocrx_word' id='word_1_9' title='bbox 3897 2624 3944 2773; x_wconf 81' lang='lat' dir='ltr'>adflat</span> <span class='ocrx_word' id='word_1_10' title='bbox 3880 2810 3925 3016; x_wconf 74' lang='lat' dir='ltr'>amores.</span> 
     </span>
     <span class='ocr_line' id='line_1_4' title="bbox 3804 1538 3880 2833; textangle 270"><span class='ocrx_word' id='word_1_11' title='bbox 3819 1538 3880 1861; x_wconf 78' lang='lat' dir='ltr'>hippomanes</span> <span class='ocrx_word' id='word_1_12' title='bbox 3815 1899 3876 2107; x_wconf 76' lang='lat' dir='ltr'>cupidae</span> <span class='ocrx_word' id='word_1_13' title='bbox 3826 2145 3873 2291; x_wconf 85' lang='lat' dir='ltr'>stillat</span> <span class='ocrx_word' id='word_1_14' title='bbox 3824 2326 3870 2389; x_wconf 88' lang='lat' dir='ltr'>ab</span> <span class='ocrx_word' id='word_1_15' title='bbox 3808 2426 3870 2624; x_wconf 83' lang='lat' dir='ltr'>inguine</span> <span class='ocrx_word' id='word_1_16' title='bbox 3804 2662 3847 2833; x_wconf 78' lang='lat' dir='ltr'>equae,</span> 
     </span>
    </p>

    <p class='ocr_par' dir='ltr' id='par_1_4' title="bbox 3651 1470 3801 3125">
     <span class='ocr_line' id='line_1_5' title="bbox 3724 1470 3801 2849; textangle 270"><span class='ocrx_word' id='word_1_17' title='bbox 3755 1470 3801 1505; x_wconf 76' lang='lat' dir='ltr'>si</span> <span class='ocrx_word' id='word_1_18' title='bbox 3753 1546 3798 1695; x_wconf 89' lang='lat' dir='ltr'>modo</span> <span class='ocrx_word' id='word_1_19' title='bbox 3751 1734 3781 1812; x_wconf 89' lang='lat' dir='ltr'>me</span> <span class='ocrx_word' id='word_1_20' title='bbox 3736 1849 3796 2044; x_wconf 88' lang='lat' dir='ltr'>placido</span> <span class='ocrx_word' id='word_1_21' title='bbox 3746 2082 3794 2247; x_wconf 86' lang='lat' dir='ltr'>uideat</span> <span class='ocrx_word' id='word_1_22' title='bbox 3742 2286 3789 2513; x_wconf 76' lang='lat' dir='ltr'>Nemesis</span> <span class='ocrx_word' id='word_1_23' title='bbox 3739 2551 3770 2659; x_wconf 85' lang='lat' dir='ltr'>mea</span> <span class='ocrx_word' id='word_1_24' title='bbox 3724 2698 3781 2849; x_wconf 93' lang='lat' dir='ltr'>uultu,</span> 
     </span>
     <span class='ocr_line' id='line_1_6' title="bbox 3651 1535 3721 3125; textangle 270"><span class='ocrx_word' id='word_1_25' title='bbox 3674 1535 3721 1665; x_wconf 91' lang='lat' dir='ltr'>mille</span> <span class='ocrx_word' id='word_1_26' title='bbox 3672 1703 3719 1819; x_wconf 84' lang='lat' dir='ltr'>alias</span> <span class='ocrx_word' id='word_1_27' title='bbox 3670 1856 3717 2030; x_wconf 83' lang='lat' dir='ltr'>herbas</span> <span class='ocrx_word' id='word_1_28' title='bbox 3667 2068 3715 2270; x_wconf 79' lang='lat' dir='ltr'>misceat</span> <span class='ocrx_word' id='word_1_29' title='bbox 3654 2306 3713 2399; x_wconf 80' lang='lat' dir='ltr'>illa,</span> <span class='ocrx_word' id='word_1_30' title='bbox 3661 2440 3710 2620; x_wconf 91' lang='lat' dir='ltr'>bibam.</span> <span class='ocrx_word' id='word_1_31' title='bbox 3651 3076 3690 3125; x_wconf 85' lang='lat'>60</span> 
     </span>
    </p>
   </div>
   <div class='ocr_carea' id='block_1_4' title="bbox 3526 2133 3570 2197">
    <p class='ocr_par' dir='ltr' id='par_1_5' title="bbox 3526 2133 3570 2197">
     <span class='ocr_line' id='line_1_7' title="bbox 3526 2133 3570 2197; textangle 270"><span class='ocrx_word' id='word_1_32' title='bbox 3526 2133 3570 2197; x_wconf 69' lang='lat' dir='ltr'>Va</span> 
     </span>
    </p>
   </div>
   <div class='ocr_carea' id='block_1_5' title="bbox 1724 1433 3481 3113">
    <p class='ocr_par' dir='ltr' id='par_1_6' title="bbox 1724 1433 3481 3113">
     <span class='ocr_line' id='line_1_8' title="bbox 3407 1464 3481 3015; textangle 270"><span class='ocrx_word' id='word_1_33' title='bbox 3423 1464 3481 1689; x_wconf 67' lang='lat' dir='ltr'>PHOEBE,</span> <span class='ocrx_word' id='word_1_34' title='bbox 3431 1732 3478 1874; x_wconf 83' lang='lat' dir='ltr'>saue:</span> <span class='ocrx_word' id='word_1_35' title='bbox 3430 1923 3461 2082; x_wconf 90' lang='lat' dir='ltr'>nouus</span> <span class='ocrx_word' id='word_1_36' title='bbox 3414 2120 3478 2386; x_wconf 79' lang='lat' dir='ltr'>ingreditur</span> <span class='ocrx_word' id='word_1_37' title='bbox 3424 2422 3462 2504; x_wconf 86' lang='lat' dir='ltr'>tua</span> <span class='ocrx_word' id='word_1_38' title='bbox 3407 2542 3466 2724; x_wconf 88' lang='lat' dir='ltr'>templa</span> <span class='ocrx_word' id='word_1_39' title='bbox 3414 2760 3462 3015; x_wconf 86' lang='lat' dir='ltr'>sacerdos:</span> 
     </span>
     <span class='ocr_line' id='line_1_9' title="bbox 3331 1528 3400 2716; textangle 270"><span class='ocrx_word' id='word_1_40' title='bbox 3355 1528 3400 1623; x_wconf 87' lang='lat' dir='ltr'>huc</span> <span class='ocrx_word' id='word_1_41' title='bbox 3340 1660 3383 1747; x_wconf 80' lang='lat' dir='ltr'>age</span> <span class='ocrx_word' id='word_1_42' title='bbox 3352 1784 3382 1897; x_wconf 90' lang='lat' dir='ltr'>cum</span> <span class='ocrx_word' id='word_1_43' title='bbox 3350 1936 3398 2118; x_wconf 85' lang='lat' dir='ltr'>cithara</span> <span class='ocrx_word' id='word_1_44' title='bbox 3331 2154 3395 2551; x_wconf 86' lang='lat' dir='ltr'>carminibusque</span> <span class='ocrx_word' id='word_1_45' title='bbox 3341 2588 3388 2716; x_wconf 90' lang='lat' dir='ltr'>ueni.</span> 
     </span>
     <span class='ocr_line' id='line_1_10' title="bbox 3251 1459 3317 2664; textangle 270"><span class='ocrx_word' id='word_1_46' title='bbox 3274 1459 3305 1590; x_wconf 88' lang='lat' dir='ltr'>nunc</span> <span class='ocrx_word' id='word_1_47' title='bbox 3274 1628 3311 1675; x_wconf 87' lang='lat' dir='ltr'>te</span> <span class='ocrx_word' id='word_1_48' title='bbox 3270 1712 3316 1907; x_wconf 84' lang='lat' dir='ltr'>uocales</span> <span class='ocrx_word' id='word_1_49' title='bbox 3256 1944 3317 2194; x_wconf 86' lang='lat' dir='ltr'>impellere</span> <span class='ocrx_word' id='word_1_50' title='bbox 3253 2230 3313 2406; x_wconf 80' lang='lat' dir='ltr'>pollice</span> <span class='ocrx_word' id='word_1_51' title='bbox 3251 2443 3309 2664; x_wconf 79' lang='lat' dir='ltr'>chordas,</span> 
     </span>
     <span class='ocr_line' id='line_1_11' title="bbox 3178 1525 3235 2769; textangle 270"><span class='ocrx_word' id='word_1_52' title='bbox 3193 1525 3224 1655; x_wconf 91' lang='lat' dir='ltr'>nunc</span> <span class='ocrx_word' id='word_1_53' title='bbox 3178 1692 3222 1862; x_wconf 86' lang='lat' dir='ltr'>precor</span> <span class='ocrx_word' id='word_1_54' title='bbox 3189 1897 3235 1960; x_wconf 89' lang='lat' dir='ltr'>ad</span> <span class='ocrx_word' id='word_1_55' title='bbox 3187 1998 3234 2167; x_wconf 87' lang='lat' dir='ltr'>laudes</span> <span class='ocrx_word' id='word_1_56' title='bbox 3184 2204 3232 2399; x_wconf 88' lang='lat' dir='ltr'>flectere</span> <span class='ocrx_word' id='word_1_57' title='bbox 3182 2437 3229 2585; x_wconf 84' lang='lat' dir='ltr'>uerba</span> <span class='ocrx_word' id='word_1_58' title='bbox 3179 2622 3211 2769; x_wconf 86' lang='lat' dir='ltr'>meas.</span> 
     </span>
     <span class='ocr_line' id='line_1_12' title="bbox 3090 1457 3161 2618; textangle 270"><span class='ocrx_word' id='word_1_59' title='bbox 3100 1457 3161 1559; x_wconf 88' lang='lat' dir='ltr'>ipse</span> <span class='ocrx_word' id='word_1_60' title='bbox 3096 1595 3159 1875; x_wconf 87' lang='lat' dir='ltr'>triumphali</span> <span class='ocrx_word' id='word_1_61' title='bbox 3107 1913 3155 2173; x_wconf 90' lang='lat' dir='ltr'>deuinctus</span> <span class='ocrx_word' id='word_1_62' title='bbox 3090 2211 3143 2432; x_wconf 86' lang='lat' dir='ltr'>tempora</span> <span class='ocrx_word' id='word_1_63' title='bbox 3090 2469 3147 2618; x_wconf 81' lang='lat' dir='ltr'>lauro,</span> 
     </span>
     <span class='ocr_line' id='line_1_13' title="bbox 3016 1521 3079 2642; textangle 270"><span class='ocrx_word' id='word_1_64' title='bbox 3033 1521 3079 1641; x_wconf 91' lang='lat' dir='ltr'>dum</span> <span class='ocrx_word' id='word_1_65' title='bbox 3029 1678 3075 1931; x_wconf 87' lang='lat' dir='ltr'>cumulant</span> <span class='ocrx_word' id='word_1_66' title='bbox 3016 1967 3058 2085; x_wconf 85' lang='lat' dir='ltr'>aras,</span> <span class='ocrx_word' id='word_1_67' title='bbox 3026 2126 3071 2189; x_wconf 90' lang='lat' dir='ltr'>ad</span> <span class='ocrx_word' id='word_1_68' title='bbox 3025 2226 3063 2309; x_wconf 88' lang='lat' dir='ltr'>tua</span> <span class='ocrx_word' id='word_1_69' title='bbox 3023 2346 3055 2481; x_wconf 85' lang='lat' dir='ltr'>sacra</span> <span class='ocrx_word' id='word_1_70' title='bbox 3020 2517 3067 2642; x_wconf 88' lang='lat' dir='ltr'>ueni.</span> 
     </span>
     <span class='ocr_line' id='line_1_14' title="bbox 2933 1454 2999 2882; textangle 270"><span class='ocrx_word' id='word_1_71' title='bbox 2952 1454 2998 1539; x_wconf 87' lang='lat' dir='ltr'>sed</span> <span class='ocrx_word' id='word_1_72' title='bbox 2951 1577 2999 1759; x_wconf 87' lang='lat' dir='ltr'>nitidus</span> <span class='ocrx_word' id='word_1_73' title='bbox 2933 1798 2994 2099; x_wconf 80' lang='lat' dir='ltr'>pulcherque</span> <span class='ocrx_word' id='word_1_74' title='bbox 2946 2137 2993 2284; x_wconf 88' lang='lat' dir='ltr'>ueni:</span> <span class='ocrx_word' id='word_1_75' title='bbox 2944 2338 2974 2469; x_wconf 91' lang='lat' dir='ltr'>nunc</span> <span class='ocrx_word' id='word_1_76' title='bbox 2940 2507 2989 2657; x_wconf 91' lang='lat' dir='ltr'>indue</span> <span class='ocrx_word' id='word_1_77' title='bbox 2937 2694 2976 2882; x_wconf 89' lang='lat' dir='ltr'>uestem</span> 
     </span>
     <span class='ocr_line' id='line_1_15' title="bbox 2847 1518 2917 2738; textangle 270"><span class='ocrx_word' id='word_1_78' title='bbox 2857 1518 2917 1795; x_wconf 78' lang='lat' dir='ltr'>sepositam,</span> <span class='ocrx_word' id='word_1_79' title='bbox 2853 1837 2913 2007; x_wconf 75' lang='lat' dir='ltr'>longas</span> <span class='ocrx_word' id='word_1_80' title='bbox 2866 2044 2896 2176; x_wconf 88' lang='lat' dir='ltr'>nunc</span> <span class='ocrx_word' id='word_1_81' title='bbox 2864 2215 2911 2341; x_wconf 90' lang='lat' dir='ltr'>bene</span> <span class='ocrx_word' id='word_1_82' title='bbox 2849 2379 2899 2519; x_wconf 86' lang='lat' dir='ltr'>pecte</span> <span class='ocrx_word' id='word_1_83' title='bbox 2847 2557 2891 2738; x_wconf 85' lang='lat' dir='ltr'>comas,</span> 
     </span>
     <span class='ocr_line' id='line_1_16' title="bbox 2767 1451 2836 2642; textangle 270"><span class='ocrx_word' id='word_1_84' title='bbox 2778 1451 2836 1645; x_wconf 88' lang='lat' dir='ltr'>qualem</span> <span class='ocrx_word' id='word_1_85' title='bbox 2789 1684 2827 1730; x_wconf 90' lang='lat' dir='ltr'>te</span> <span class='ocrx_word' id='word_1_86' title='bbox 2787 1769 2824 2043; x_wconf 86' lang='lat' dir='ltr'>memorant</span> <span class='ocrx_word' id='word_1_87' title='bbox 2784 2082 2831 2292; x_wconf 85' lang='lat' dir='ltr'>Saturno</span> <span class='ocrx_word' id='word_1_88' title='bbox 2769 2330 2813 2439; x_wconf 77' lang='lat' dir='ltr'>rege</span> <span class='ocrx_word' id='word_1_89' title='bbox 2767 2477 2827 2642; x_wconf 80' lang='lat' dir='ltr'>fugato</span> 
     </span>
     <span class='ocr_line' id='line_1_17' title="bbox 2692 1516 2758 3113; textangle 270"><span class='ocrx_word' id='word_1_90' title='bbox 2710 1516 2758 1687; x_wconf 89' lang='lat' dir='ltr'>uictori</span> <span class='ocrx_word' id='word_1_91' title='bbox 2708 1726 2754 1894; x_wconf 83' lang='lat' dir='ltr'>laudes</span> <span class='ocrx_word' id='word_1_92' title='bbox 2705 1933 2754 2242; x_wconf 79' lang='lat' dir='ltr'>concinuisse</span> <span class='ocrx_word' id='word_1_93' title='bbox 2703 2282 2750 2404; x_wconf 91' lang='lat' dir='ltr'>Ioui.</span> <span class='ocrx_word' id='word_1_94' title='bbox 2692 3065 2719 3113; x_wconf 77' lang='lat'>10</span> 
     </span>
     <span class='ocr_line' id='line_1_18' title="bbox 2604 1448 2674 2719; textangle 270"><span class='ocrx_word' id='word_1_95' title='bbox 2631 1448 2666 1497; x_wconf 87' lang='lat' dir='ltr'>tu</span> <span class='ocrx_word' id='word_1_96' title='bbox 2616 1536 2674 1704; x_wconf 91' lang='lat' dir='ltr'>procul</span> <span class='ocrx_word' id='word_1_97' title='bbox 2627 1742 2664 1978; x_wconf 86' lang='lat' dir='ltr'>euentura</span> <span class='ocrx_word' id='word_1_98' title='bbox 2614 2015 2673 2167; x_wconf 88' lang='lat' dir='ltr'>uides,</span> <span class='ocrx_word' id='word_1_99' title='bbox 2624 2210 2671 2297; x_wconf 86' lang='lat' dir='ltr'>tibi</span> <span class='ocrx_word' id='word_1_100' title='bbox 2620 2335 2669 2530; x_wconf 87' lang='lat' dir='ltr'>deditus</span> <span class='ocrx_word' id='word_1_101' title='bbox 2604 2567 2650 2719; x_wconf 80' lang='lat' dir='ltr'>augur</span> 
     </span>
     <span class='ocr_line' id='line_1_19' title="bbox 2526 1512 2596 2657; textangle 270"><span class='ocrx_word' id='word_1_102' title='bbox 2549 1512 2596 1601; x_wconf 90' lang='lat' dir='ltr'>scit</span> <span class='ocrx_word' id='word_1_103' title='bbox 2547 1640 2594 1765; x_wconf 93' lang='lat' dir='ltr'>bene</span> <span class='ocrx_word' id='word_1_104' title='bbox 2532 1803 2594 1920; x_wconf 89' lang='lat' dir='ltr'>quid</span> <span class='ocrx_word' id='word_1_105' title='bbox 2546 1958 2593 2042; x_wconf 87' lang='lat' dir='ltr'>fati</span> <span class='ocrx_word' id='word_1_106' title='bbox 2530 2079 2591 2285; x_wconf 86' lang='lat' dir='ltr'>prouida</span> <span class='ocrx_word' id='word_1_107' title='bbox 2541 2322 2577 2484; x_wconf 84' lang='lat' dir='ltr'>cantet</span> <span class='ocrx_word' id='word_1_108' title='bbox 2539 2520 2586 2624; x_wconf 81' lang='lat' dir='ltr'>auis</span> <span class='ocrx_word' id='word_1_109' title='bbox 2526 2644 2566 2657; x_wconf 23' lang='lat'>&#39;3</span> 
     </span>
     <span class='ocr_line' id='line_1_20' title="bbox 2442 1444 2515 2758; textangle 270"><span class='ocrx_word' id='word_1_110' title='bbox 2455 1444 2506 1595; x_wconf 90' lang='lat' dir='ltr'>tuque</span> <span class='ocrx_word' id='word_1_111' title='bbox 2452 1632 2515 1753; x_wconf 79' lang='lat' dir='ltr'>regis</span> <span class='ocrx_word' id='word_1_112' title='bbox 2455 1791 2503 1957; x_wconf 86' lang='lat' dir='ltr'>sortes,</span> <span class='ocrx_word' id='word_1_113' title='bbox 2451 1998 2495 2082; x_wconf 93' lang='lat' dir='ltr'>per</span> <span class='ocrx_word' id='word_1_114' title='bbox 2463 2120 2501 2165; x_wconf 89' lang='lat' dir='ltr'>te</span> <span class='ocrx_word' id='word_1_115' title='bbox 2448 2202 2508 2466; x_wconf 75' lang='lat' dir='ltr'>praesentit</span> <span class='ocrx_word' id='word_1_116' title='bbox 2442 2503 2505 2758; x_wconf 85' lang='lat' dir='ltr'>haruspex,</span> 
     </span>
     <span class='ocr_line' id='line_1_21' title="bbox 2366 1508 2435 2594; textangle 270"><span class='ocrx_word' id='word_1_117' title='bbox 2387 1508 2435 1694; x_wconf 83' lang='lat' dir='ltr'>lubrica</span> <span class='ocrx_word' id='word_1_118' title='bbox 2371 1732 2434 1941; x_wconf 81' lang='lat' dir='ltr'>signauit</span> <span class='ocrx_word' id='word_1_119' title='bbox 2384 1978 2414 2090; x_wconf 89' lang='lat' dir='ltr'>cum</span> <span class='ocrx_word' id='word_1_120' title='bbox 2382 2129 2428 2249; x_wconf 92' lang='lat' dir='ltr'>deus</span> <span class='ocrx_word' id='word_1_121' title='bbox 2381 2288 2418 2396; x_wconf 76' lang='lat' dir='ltr'>exta</span> <span class='ocrx_word' id='word_1_122' title='bbox 2366 2433 2425 2594; x_wconf 79' lang='lat' dir='ltr'>notis;</span> 
     </span>
     <span class='ocr_line' id='line_1_22' title="bbox 2278 1442 2353 3101; textangle 270"><span class='ocrx_word' id='word_1_123' title='bbox 2308 1442 2346 1487; x_wconf 84' lang='lat' dir='ltr'>te</span> <span class='ocrx_word' id='word_1_124' title='bbox 2307 1524 2353 1651; x_wconf 89' lang='lat' dir='ltr'>duce</span> <span class='ocrx_word' id='word_1_125' title='bbox 2305 1690 2352 1944; x_wconf 86' lang='lat' dir='ltr'>Romanos</span> <span class='ocrx_word' id='word_1_126' title='bbox 2288 1982 2334 2251; x_wconf 85' lang='lat' dir='ltr'>numquam</span> <span class='ocrx_word' id='word_1_127' title='bbox 2299 2291 2346 2513; x_wconf 83' lang='lat' dir='ltr'>frustrata</span> <span class='ocrx_word' id='word_1_128' title='bbox 2282 2550 2345 2745; x_wconf 79' lang='lat' dir='ltr'>Sibylla,</span> <span class='ocrx_word' id='word_1_129' title='bbox 2278 3056 2317 3101; x_wconf 80' lang='lat'>15</span> 
     </span>
     <span class='ocr_line' id='line_1_23' title="bbox 2205 1505 2273 2559; textangle 270"><span class='ocrx_word' id='word_1_130' title='bbox 2226 1505 2273 1673; x_wconf 83' lang='lat' dir='ltr'>abdita</span> <span class='ocrx_word' id='word_1_131' title='bbox 2211 1710 2255 1834; x_wconf 82' lang='lat' dir='ltr'>quae</span> <span class='ocrx_word' id='word_1_132' title='bbox 2223 1872 2271 2000; x_wconf 91' lang='lat' dir='ltr'>senis</span> <span class='ocrx_word' id='word_1_133' title='bbox 2222 2037 2267 2133; x_wconf 84' lang='lat' dir='ltr'>fata</span> <span class='ocrx_word' id='word_1_134' title='bbox 2221 2171 2267 2300; x_wconf 88' lang='lat' dir='ltr'>canit</span> <span class='ocrx_word' id='word_1_135' title='bbox 2205 2338 2265 2559; x_wconf 89' lang='lat' dir='ltr'>pedibus.</span> 
     </span>
     <span class='ocr_line' id='line_1_24' title="bbox 2124 1440 2193 2820; textangle 270"><span class='ocrx_word' id='word_1_136' title='bbox 2135 1440 2193 1655; x_wconf 80' lang='lat' dir='ltr'>Phoebe,</span> <span class='ocrx_word' id='word_1_137' title='bbox 2144 1695 2175 1853; x_wconf 84' lang='lat' dir='ltr'>sacras</span> <span class='ocrx_word' id='word_1_138' title='bbox 2142 1893 2189 2216; x_wconf 84' lang='lat' dir='ltr'>Messalinum</span> <span class='ocrx_word' id='word_1_139' title='bbox 2139 2256 2187 2359; x_wconf 91' lang='lat' dir='ltr'>sine</span> <span class='ocrx_word' id='word_1_140' title='bbox 2124 2397 2175 2592; x_wconf 77' lang='lat' dir='ltr'>tangere</span> <span class='ocrx_word' id='word_1_141' title='bbox 2134 2630 2181 2820; x_wconf 88' lang='lat' dir='ltr'>chartas</span> 
     </span>
     <span class='ocr_line' id='line_1_25' title="bbox 2047 1504 2113 2703; textangle 270"><span class='ocrx_word' id='word_1_142' title='bbox 2055 1504 2113 1641; x_wconf 86' lang='lat' dir='ltr'>uatis,</span> <span class='ocrx_word' id='word_1_143' title='bbox 2065 1682 2102 1728; x_wconf 89' lang='lat' dir='ltr'>et</span> <span class='ocrx_word' id='word_1_144' title='bbox 2050 1766 2112 1868; x_wconf 88' lang='lat' dir='ltr'>ipse</span> <span class='ocrx_word' id='word_1_145' title='bbox 2049 1905 2093 2075; x_wconf 88' lang='lat' dir='ltr'>precor</span> <span class='ocrx_word' id='word_1_146' title='bbox 2047 2113 2108 2231; x_wconf 89' lang='lat' dir='ltr'>quid</span> <span class='ocrx_word' id='word_1_147' title='bbox 2059 2270 2095 2413; x_wconf 84' lang='lat' dir='ltr'>canat</span> <span class='ocrx_word' id='word_1_148' title='bbox 2058 2450 2105 2530; x_wconf 89' lang='lat' dir='ltr'>illa</span> <span class='ocrx_word' id='word_1_149' title='bbox 2055 2567 2102 2703; x_wconf 92' lang='lat' dir='ltr'>doce.</span> 
     </span>
     <span class='ocr_line' id='line_1_26' title="bbox 1960 1436 2032 2878; textangle 270"><span class='ocrx_word' id='word_1_150' title='bbox 1986 1436 2031 1557; x_wconf 87' lang='lat' dir='ltr'>haec</span> <span class='ocrx_word' id='word_1_151' title='bbox 1983 1593 2032 1729; x_wconf 87' lang='lat' dir='ltr'>dedit</span> <span class='ocrx_word' id='word_1_152' title='bbox 1982 1766 2028 1964; x_wconf 81' lang='lat' dir='ltr'>Aeneae</span> <span class='ocrx_word' id='word_1_153' title='bbox 1968 2002 2018 2173; x_wconf 76' lang='lat' dir='ltr'>sortes,</span> <span class='ocrx_word' id='word_1_154' title='bbox 1964 2210 2015 2472; x_wconf 74' lang='lat' dir='ltr'>postquam</span> <span class='ocrx_word' id='word_1_155' title='bbox 1975 2511 2023 2590; x_wconf 92' lang='lat' dir='ltr'>ille</span> <span class='ocrx_word' id='word_1_156' title='bbox 1960 2628 2011 2878; x_wconf 89' lang='lat' dir='ltr'>parentem</span> 
     </span>
     <span class='ocr_line' id='line_1_27' title="bbox 1889 1500 1952 3094; textangle 270"><span class='ocrx_word' id='word_1_157' title='bbox 1905 1500 1952 1676; x_wconf 86' lang='lat' dir='ltr'>dicitur</span> <span class='ocrx_word' id='word_1_158' title='bbox 1904 1713 1941 1759; x_wconf 87' lang='lat' dir='ltr'>et</span> <span class='ocrx_word' id='word_1_159' title='bbox 1889 1796 1939 1958; x_wconf 85' lang='lat' dir='ltr'>raptos</span> <span class='ocrx_word' id='word_1_160' title='bbox 1898 1998 1947 2284; x_wconf 89' lang='lat' dir='ltr'>sustinuisse</span> <span class='ocrx_word' id='word_1_161' title='bbox 1897 2324 1942 2471; x_wconf 87' lang='lat' dir='ltr'>Lares</span> <span class='ocrx_word' id='word_1_162' title='bbox 1889 3045 1915 3094; x_wconf 88' lang='lat'>20</span> 
     </span>
     <span class='ocr_line' id='line_1_28' title="bbox 1809 1433 1869 2837; textangle 270"><span class='ocrx_word' id='word_1_163' title='bbox 1825 1433 1855 1522; x_wconf 88' lang='lat' dir='ltr'>nec</span> <span class='ocrx_word' id='word_1_164' title='bbox 1824 1561 1869 1662; x_wconf 85' lang='lat' dir='ltr'>fore</span> <span class='ocrx_word' id='word_1_165' title='bbox 1822 1700 1869 1929; x_wconf 84' lang='lat' dir='ltr'>credebat</span> <span class='ocrx_word' id='word_1_166' title='bbox 1809 1970 1866 2197; x_wconf 87' lang='lat' dir='ltr'>Romam,</span> <span class='ocrx_word' id='word_1_167' title='bbox 1819 2238 1848 2350; x_wconf 90' lang='lat' dir='ltr'>cum</span> <span class='ocrx_word' id='word_1_168' title='bbox 1815 2389 1853 2602; x_wconf 86' lang='lat' dir='ltr'>maestus</span> <span class='ocrx_word' id='word_1_169' title='bbox 1814 2638 1861 2701; x_wconf 83' lang='lat' dir='ltr'>ab</span> <span class='ocrx_word' id='word_1_170' title='bbox 1811 2738 1857 2837; x_wconf 87' lang='lat' dir='ltr'>alto</span> 
     </span>
     <span class='ocr_line' id='line_1_29' title="bbox 1724 1500 1791 2455; textangle 270"><span class='ocrx_word' id='word_1_171' title='bbox 1744 1500 1791 1627; x_wconf 91' lang='lat' dir='ltr'>Ilion</span> <span class='ocrx_word' id='word_1_172' title='bbox 1742 1664 1789 1890; x_wconf 87' lang='lat' dir='ltr'>ardentes</span> <span class='ocrx_word' id='word_1_173' title='bbox 1724 1928 1788 2285; x_wconf 89' lang='lat' dir='ltr'>respiceretque</span> <span class='ocrx_word' id='word_1_174' title='bbox 1737 2322 1783 2455; x_wconf 89' lang='lat' dir='ltr'>deos.</span> 
     </span>
    </p>
   </div>
   <div class='ocr_carea' id='block_1_6' title="bbox 1392 1427 1661 3085">
    <p class='ocr_par' dir='ltr' id='par_1_7' title="bbox 1613 1482 1661 2775">
     <span class='ocr_line' id='line_1_30' title="bbox 1613 1482 1661 2775; textangle 270"><span class='ocrx_word' id='word_1_175' title='bbox 1616 1482 1651 1535; x_wconf 88' lang='lat'>59</span> <span class='ocrx_word' id='word_1_176' title='bbox 1625 1565 1661 1686; x_wconf 89' lang='lat' dir='ltr'>modo</span> <span class='ocrx_word' id='word_1_177' title='bbox 1613 1711 1648 1771; x_wconf 78' lang='lat' dir='ltr'>g:</span> <span class='ocrx_word' id='word_1_178' title='bbox 1623 1803 1648 1882; x_wconf 88' lang='lat' dir='ltr'>non</span> <span class='ocrx_word' id='word_1_179' title='bbox 1623 1915 1660 1955; x_wconf 85' lang='lat' dir='ltr'><em>A</em></span> <span class='ocrx_word' id='word_1_180' title='bbox 1621 2126 1657 2178; x_wconf 90' lang='lat'>60</span> <span class='ocrx_word' id='word_1_181' title='bbox 1619 2209 1658 2339; x_wconf 85' lang='lat' dir='ltr'>malas</span> <span class='ocrx_word' id='word_1_182' title='bbox 1619 2361 1657 2516; x_wconf 82' lang='lat' dir='ltr'>herbas</span> <span class='ocrx_word' id='word_1_183' title='bbox 1616 2547 1654 2775; x_wconf 81' lang='lat' dir='ltr'>Burmann</span> 
     </span>
    </p>

    <p class='ocr_par' dir='ltr' id='par_1_8' title="bbox 1392 1427 1609 3085">
     <span class='ocr_line' id='line_1_31' title="bbox 1546 1481 1609 3085; textangle 270"><span class='ocrx_word' id='word_1_184' title='bbox 1572 1481 1609 1519; x_wconf 93' lang='lat' dir='ltr'>V</span> <span class='ocrx_word' id='word_1_185' title='bbox 1561 1547 1596 1571; x_wconf 87' lang='lat'><strong>3</strong></span> <span class='ocrx_word' id='word_1_186' title='bbox 1571 1603 1607 1771; x_wconf 86' lang='lat' dir='ltr'>uocales</span> <span class='ocrx_word' id='word_1_187' title='bbox 1568 1806 1605 1952; x_wconf 73' lang='lat' dir='ltr'>habent</span> <span class='ocrx_word' id='word_1_188' title='bbox 1567 1985 1605 2055; x_wconf 72' lang='lat' dir='ltr'>F».</span> <span class='ocrx_word' id='word_1_189' title='bbox 1556 2098 1603 2159; x_wconf 64' lang='lat' dir='ltr'><em>(qs.</em></span> <span class='ocrx_word' id='word_1_190' title='bbox 1556 2186 1601 2253; x_wconf 78' lang='lat'>78)</span> <span class='ocrx_word' id='word_1_191' title='bbox 1555 2421 1588 2443; x_wconf 86' lang='lat'><strong>4</strong></span> <span class='ocrx_word' id='word_1_192' title='bbox 1564 2476 1588 2589; x_wconf 86' lang='lat' dir='ltr'>meas</span> <span class='ocrx_word' id='word_1_193' title='bbox 1564 2620 1599 2660; x_wconf 98' lang='lat' dir='ltr'><em>A</em></span> <span class='ocrx_word' id='word_1_194' title='bbox 1562 2688 1585 2694; x_wconf 93' lang='lat'><strong>:</strong></span> <span class='ocrx_word' id='word_1_195' title='bbox 1550 2741 1598 2829; x_wconf 88' lang='lat' dir='ltr'>pias</span> <span class='ocrx_word' id='word_1_196' title='bbox 1546 2861 1593 3085; x_wconf 75' lang='lat' dir='ltr'>temptaui:</span> 
     </span>
     <span class='ocr_line' id='line_1_32' title="bbox 1498 1428 1555 3085; textangle 270"><span class='ocrx_word' id='word_1_197' title='bbox 1518 1428 1543 1560; x_wconf 86' lang='lat' dir='ltr'>nouas</span> <span class='ocrx_word' id='word_1_198' title='bbox 1516 1608 1555 1790; x_wconf 74' lang='lat' dir='ltr'>Vahlen:</span> <span class='ocrx_word' id='word_1_199' title='bbox 1514 1842 1539 1955; x_wconf 87' lang='lat' dir='ltr'>meas</span> <span class='ocrx_word' id='word_1_200' title='bbox 1514 1998 1545 2136; x_wconf 75' lang='lat' dir='ltr'>seruat</span> <span class='ocrx_word' id='word_1_201' title='bbox 1512 2172 1550 2363; x_wconf 73' lang='lat' dir='ltr'>Carlault</span> <span class='ocrx_word' id='word_1_202' title='bbox 1511 2401 1534 2471; x_wconf 83' lang='lat' dir='ltr'>uu.</span> <span class='ocrx_word' id='word_1_203' title='bbox 1499 2518 1534 2594; x_wconf 24' lang='lat' dir='ltr'>3ss4</span> <span class='ocrx_word' id='word_1_204' title='bbox 1498 2628 1540 2723; x_wconf 75' lang='lat' dir='ltr'>post</span> <span class='ocrx_word' id='word_1_205' title='bbox 1507 2760 1531 2800; x_wconf 80' lang='lat' dir='ltr'>u.</span> <span class='ocrx_word' id='word_1_206' title='bbox 1506 2853 1531 2900; x_wconf 90' lang='lat'>10</span> <span class='ocrx_word' id='word_1_207' title='bbox 1503 2942 1540 3085; x_wconf 75' lang='lat' dir='ltr'>reiectis</span> 
     </span>
     <span class='ocr_line' id='line_1_33' title="bbox 1444 1431 1501 3085; textangle 270"><span class='ocrx_word' id='word_1_208' title='bbox 1464 1431 1489 1473; x_wconf 79' lang='lat'>11</span> <span class='ocrx_word' id='word_1_209' title='bbox 1463 1508 1501 1675; x_wconf 86' lang='lat' dir='ltr'>deditus</span> <span class='ocrx_word' id='word_1_210' title='bbox 1452 1705 1495 1759; x_wconf 82' lang='grc' dir='ltr'>ψ;</span> <span class='ocrx_word' id='word_1_211' title='bbox 1461 1808 1498 1974; x_wconf 86' lang='lat' dir='ltr'>debitus</span> <span class='ocrx_word' id='word_1_212' title='bbox 1462 2003 1498 2043; x_wconf 92' lang='lat' dir='ltr'><em>A</em></span> <span class='ocrx_word' id='word_1_213' title='bbox 1459 2283 1494 2331; x_wconf 79' lang='lat'>18</span> <span class='ocrx_word' id='word_1_214' title='bbox 1447 2358 1494 2453; x_wconf 87' lang='lat' dir='ltr'>quid</span> <span class='ocrx_word' id='word_1_215' title='bbox 1444 2485 1489 2543; x_wconf 69' lang='grc' dir='ltr'>ψς</span> <span class='ocrx_word' id='word_1_216' title='bbox 1446 2588 1480 2691; x_wconf 85' lang='lat' dir='ltr'>quos</span> <span class='ocrx_word' id='word_1_217' title='bbox 1456 2722 1491 2762; x_wconf 91' lang='lat' dir='ltr'><em>A</em></span> <span class='ocrx_word' id='word_1_218' title='bbox 1452 2799 1489 2927; x_wconf 75' lang='lat' dir='ltr'>mire:</span> <span class='ocrx_word' id='word_1_219' title='bbox 1449 2979 1487 3085; x_wconf 76' lang='lat' dir='ltr'>unde</span> 
     </span>
     <span class='ocr_line' id='line_1_34' title="bbox 1392 1427 1445 3082; textangle 270"><span class='ocrx_word' id='word_1_220' title='bbox 1409 1427 1442 1607; x_wconf 87' lang='lat' dir='ltr'>euentus</span> <span class='ocrx_word' id='word_1_221' title='bbox 1397 1620 1439 1700; x_wconf 80' lang='lat' dir='ltr'>pro</span> <span class='ocrx_word' id='word_1_222' title='bbox 1397 1723 1445 1811; x_wconf 85' lang='lat' dir='ltr'>ipse</span> <span class='ocrx_word' id='word_1_223' title='bbox 1397 1835 1431 1981; x_wconf 81' lang='lat' dir='ltr'>precor</span> <span class='ocrx_word' id='word_1_224' title='bbox 1394 2003 1442 2225; x_wconf 68' lang='lat' dir='ltr'>temptaui:</span> <span class='ocrx_word' id='word_1_225' title='bbox 1393 2256 1435 2516; x_wconf 85' lang='lat' dir='ltr'>euentusque</span> <span class='ocrx_word' id='word_1_226' title='bbox 1392 2540 1426 2691; x_wconf 87' lang='lat' dir='ltr'>precor</span> <span class='ocrx_word' id='word_1_227' title='bbox 1400 2722 1439 2766; x_wconf 81' lang='lat' dir='ltr'>S.</span> <span class='ocrx_word' id='word_1_228' title='bbox 1400 2791 1436 2911; x_wconf 74' lang='lat' dir='ltr'>Allen</span> <span class='ocrx_word' id='word_1_229' title='bbox 1395 3029 1420 3082; x_wconf 80' lang='lat'>20</span> 
     </span>
    </p>
   </div>
   <div class='ocr_carea' id='block_1_7' title="bbox 1301 1425 1391 3081">
    <p class='ocr_par' dir='ltr' id='par_1_9' title="bbox 1301 1425 1391 3081">
     <span class='ocr_line' id='line_1_35' title="bbox 1332 1426 1391 3081; textangle 270"><span class='ocrx_word' id='word_1_230' title='bbox 1346 1426 1386 1567; x_wconf 84' lang='lat' dir='ltr'>raptos</span> <span class='ocrx_word' id='word_1_231' title='bbox 1356 1597 1391 1636; x_wconf 92' lang='lat' dir='ltr'><em>A</em></span> <span class='ocrx_word' id='word_1_232' title='bbox 1354 1662 1378 1669; x_wconf 95' lang='lat'><strong>:</strong></span> <span class='ocrx_word' id='word_1_233' title='bbox 1341 1701 1385 1847; x_wconf 90' lang='lat' dir='ltr'>captos</span> <span class='ocrx_word' id='word_1_234' title='bbox 1340 1876 1388 1904; x_wconf 75' lang='grc' dir='ltr'><em>ψ</em></span> <span class='ocrx_word' id='word_1_235' title='bbox 1338 2016 1390 2165; x_wconf 81' lang='lat' dir='ltr'>Lares]</span> <span class='ocrx_word' id='word_1_236' title='bbox 1351 2190 1388 2291; x_wconf 83' lang='lat' dir='ltr'>deos</span> <span class='ocrx_word' id='word_1_237' title='bbox 1348 2315 1388 2541; x_wconf 79' lang='lat' dir='ltr'>Housman</span> <span class='ocrx_word' id='word_1_238' title='bbox 1347 2720 1370 2771; x_wconf 82' lang='lat'>22</span> <span class='ocrx_word' id='word_1_239' title='bbox 1332 2803 1382 2923; x_wconf 78' lang='lat' dir='ltr'>deos]</span> <span class='ocrx_word' id='word_1_240' title='bbox 1341 2951 1381 3081; x_wconf 85' lang='lat' dir='ltr'>Lares</span> 
     </span>
     <span class='ocr_line' id='line_1_36' title="bbox 1301 1425 1341 1652; textangle 270"><span class='ocrx_word' id='word_1_241' title='bbox 1301 1425 1341 1652; x_wconf 75' lang='lat' dir='ltr'>Housman</span> 
     </span>
    </p>
   </div>
   <div class='ocr_carea' id='block_1_8' title="bbox 0 0 1307 3332">
    <p class='ocr_par' dir='ltr' id='par_1_10' title="bbox 0 0 1307 3332">
     <span class='ocr_line' id='line_1_37' title="bbox 0 0 1307 3332; textangle 270"><span class='ocrx_word' id='word_1_242' title='bbox 0 0 1307 3332; x_wconf 95' lang='lat' dir='ltr'> </span> 
     </span>
    </p>
   </div>
   <div class='ocr_carea' id='block_1_9' title="bbox 605 3335 4368 3336">
    <p class='ocr_par' dir='ltr' id='par_1_11' title="bbox 605 3335 4368 3336">
     <span class='ocr_line' id='line_1_38' title="bbox 605 3335 4368 3336; textangle 270"><span class='ocrx_word' id='word_1_243' title='bbox 605 3335 4368 3336; x_wconf 95' lang='lat' dir='ltr'> </span> 
     </span>
    </p>
   </div>
  </div>
 </body>
</html>
