5010 3336
4026 1486 4075 1813 LYGDAMI
4025 1855 4072 2162 ELEGIAE

3892 1483 3923 1595 nam
3890 1633 3931 1680 te
3890 1716 3921 1808 nec
3890 1845 3937 1967 uasti
3875 2004 3927 2274 genuerunt
3875 2310 3920 2522 aequora
3874 2557 3937 2695 ponti
3877 3086 3927 3145 85

3811 1549 3842 1639 nec
3810 1676 3855 1924 flammam
3809 1963 3853 2168 uoluens
3808 2206 3839 2287 ore
3807 2326 3855 2585 Chimaera
3808 2621 3853 2722 sero

3731 1480 3762 1571 nec
3730 1608 3777 1740 canis
3715 1777 3776 1989 anguina
3728 2024 3775 2276 redimitus
3714 2313 3766 2444 terga
3717 2479 3764 2685 caterua,

3651 1548 3697 1625 cui
3650 1663 3687 1757 tres
3650 1795 3687 1906 sunt
3634 1944 3696 2135 linguae
3634 2173 3695 2594 tergeminumque
3634 2631 3685 2790 caput,

3556 1480 3617 1735 Scyllaque
3555 1771 3618 2038 uirgineam
3570 2076 3616 2279 canibus
3569 2318 3616 2566 succincta
3554 2603 3613 2817 figuram,

3491 1545 3521 1635 nec
3490 1674 3528 1720 te
3476 1757 3527 2048 conceptam
3490 2086 3520 2232 saeua
3489 2269 3534 2438 leaena
3478 2475 3535 2595 tulit,
3475 3084 3514 3136 90

3411 1479 3458 1680 barbara
3410 1718 3440 1807 nec
3396 1846 3457 2071 Scythiae
3410 2108 3454 2248 tellus
3408 2288 3455 2593 horrendaue
3395 2631 3455 2809 Syrtis3

3330 1544 3375 1630 sed
3330 1668 3375 1798 culta
3329 1835 3368 1882 et
3330 1919 3377 2050 duris
3329 2088 3359 2189 non
3328 2227 3376 2495 habitanda
3328 2531 3374 2708 domus

3249 1474 3287 1520 ct
3235 1556 3295 1701 longe
3249 1738 3287 1851 ante
3249 1886 3297 2003 alias
3249 2040 3279 2211 omnes
3248 2250 3296 2504 mitissima
3248 2540 3285 2693 mater

3154 1540 3217 1679 isque
3154 1716 3206 1852 pater
3154 1890 3199 1988 quo
3168 2026 3198 2126 non
3168 2163 3213 2282 alter
3167 2318 3215 2585 amabilior.

3088 1471 3134 1593 haec
3087 1630 3134 1751 deus
3090 1790 3135 1838 in
3088 1877 3136 2050 melius
3088 2087 3135 2302 crudelia
3088 2339 3135 2531 somnia
3086 2566 3126 2722 uertat
3071 3080 3112 3131 95

3007 1538 3045 1584 et
3007 1622 3055 1786 iubeat
2992 1824 3055 2017 tepidos
3007 2055 3055 2195 inrita
3006 2232 3053 2352 ferre
3006 2389 3053 2563 Notos

2864 2138 2909 2185 V

2768 1467 2813 1573 Vos
2757 1612 2807 1757 tenet,
2767 1800 2815 2018 Etruscis
2767 2056 2805 2220 manat
2753 2257 2797 2383 quae
2766 2419 2814 2636 fontibus
2756 2674 2812 2820 unda,

2687 1533 2732 1667 unda
2687 1704 2734 1795 sub
2687 1831 2734 2072 aestiuum
2687 2111 2717 2211 non
2686 2248 2731 2479 adeunda
2676 2517 2731 2720 Canem,

2606 1463 2637 1596 nunc
2607 1632 2645 1796 autem
2607 1835 2654 1980 sacris
2607 2019 2654 2245 Baiarum
2592 2284 2653 2503 proxima
2590 2540 2652 2763 lymphis,

2526 1530 2557 1641 cum
2525 1680 2556 1731 se
2511 1769 2557 2011 purpureo
2526 2048 2556 2162 uere
2525 2197 2572 2396 remittit
2524 2433 2570 2625 humus.

2446 1463 2484 1509 at
2446 1548 2493 1666 mihi
2431 1707 2491 2020 Persephone
2431 2056 2493 2241 nigram
2444 2280 2492 2537 denuntiat
2443 2575 2489 2776 horam:
2430 3102 2468 3122 5

2364 1529 2412 1773 immerito
2365 1810 2412 1974 iuueni
2350 2015 2395 2158 parce
2352 2195 2394 2389 nocere,
2363 2426 2409 2531 dea.

2282 1460 2314 1560 non
2270 1599 2315 1689 ego
2270 1726 2332 1964 temptaui
2284 2002 2330 2121 nulli
2283 2159 2328 2443 temeranda
2283 2479 2330 2694 uirorum

2203 1526 2248 1686 audax
2204 1723 2249 1999 laudandae
2204 2037 2234 2170 sacra
2203 2207 2249 2384 docere
2192 2422 2248 2557 deae,

2121 1460 2153 1551 nec
2123 1589 2153 1698 mea
2124 1735 2171 1993 mortiferis
2123 2030 2171 2196 infecit
2109 2234 2168 2411 pocula
2123 2448 2170 2576 sucis

2040 1523 2087 1721 dextera
2043 1756 2075 1849 nec
2029 1885 2090 2114 cuiquam
2043 2153 2090 2263 trita
2042 2299 2072 2492 uenena
2032 2528 2090 2677 dedit,
2040 3072 2066 3119 10

1959 1457 1991 1547 nec
1960 1584 1991 1674 nos
1948 1711 2009 1970 sacrilegos
1947 2006 2009 2199 templis
1958 2235 2008 2549 admouimus
1945 2585 2007 2734 igneS‚

1878 1522 1909 1614 nec
1879 1650 1910 1734 cor
1880 1770 1927 2031 sollicitant
1880 2068 1925 2195 facta
1879 2230 1925 2443 nefanda
1868 2481 1909 2659 meum,

1748 1509 1795 1561 87
1759 1592 1797 1706 canis
1750 1725 1798 1907 anguina
1751 1936 1798 2099 scm'psi:
1760 2132 1798 2248 canis
1750 2270 1797 2479 anguinea
1749 2504 1785 2538 g
1760 2558 1798 2803 Cm'act'anus
1757 2821 1799 2955 Plani.
1759 2979 1783 2987 :
1758 3019 1785 3113 con-

1695 1454 1742 1689 sanguinea
1707 1720 1743 1758 A
1696 1914 1743 1966 89
1707 1996 1743 2208 succincta
1707 2241 1744 2301 F:
1707 2330 1743 2541 submixta
1708 2571 1744 2610 A
1706 2649 1743 2894 Cm'ctcz'anzts
1693 3059 1730 3113 92

1650 1455 1687 1557 diris
1652 1586 1689 1721 Plant.
1643 1891 1688 1945 96
1653 1976 1691 2089 irrita
1647 2118 1687 2146 ψ
1651 2176 1691 2311 Plane,
1652 2338 1675 2346 :
1642 2377 1689 2501 impia
1654 2531 1691 2572 A
1652 2609 1690 2856 an'czcianns

1598 1509 1634 1546 V
1598 1581 1621 1595 1
1599 1631 1635 1714 Vos
1588 1739 1623 1773 g
1598 1800 1637 1966 Plana:
1598 2001 1636 2062 Os
1598 2101 1636 2152 V:
1599 2187 1636 2274 Nos
1600 2303 1636 2345 A
1589 2593 1624 2616 3
1588 2648 1635 2836 proxima
1587 2867 1637 3111 Scioppius:

1543 1455 1580 1632 maxima
1546 1661 1582 1701 A
1544 1735 1583 1872 Plant.
1536 2076 1570 2097 7
1545 2128 1581 2309 uirozum
1534 2340 1579 2395 ψε
1534 2426 1581 2523 deor
1545 2543 1583 2728 uirorum
1544 2762 1582 3012 Cm‘acz'anus
1533 3044 1582 3110 (q‘ss

1477 1454 1527 1711 Scalz'gcmtm
1492 1755 1528 1796 in
1478 1836 1527 2042 caslzssqgfflz
1490 2100 1527 2271 deorum
1492 2322 1529 2364 A
1490 2408 1529 2546 Plant.
1479 2594 1527 2660 (et,
1492 2708 1524 2753 ut
1482 2785 1526 2975 suspicor,
1491 3015 1528 3057 F
1480 3063 1523 3110 ):

1423 1454 1471 1617 piorum
1423 1648 1469 1677 ψ
1436 1923 1471 1947 8
1437 1979 1473 2177 celandae
1426 2206 1470 2234 ψ
1437 2458 1462 2506 10
1438 2536 1474 2633 trita
1438 2662 1474 2702 F
1437 2724 1469 2813 teste
1425 2839 1475 3039 Scalzjgero
1437 3068 1474 3110 in

1370 1454 1418 1647 castzssrga
1382 1682 1414 1795 certa
1383 1825 1421 1866 A
1382 1899 1419 2035 Plani.
1370 2064 1420 2310 Cm'agiamcs
1384 2555 1408 2597 11
1373 2630 1420 2857 sacrilegos
1371 2882 1420 3071 gPlant.
1383 3099 1407 3109 ε

1318 1454 1365 1669 sacrilegis
1328 1699 1365 1771 A:
1318 1810 1364 2002 sacrilegi
1328 2036 1366 2282 Casca-ianus
1329 2311 1361 2433 celera
1330 2464 1363 2509 ul
1331 2531 1365 2565 A
1329 2791 1366 3053 admouimus
1317 3077 1354 3111 g

1273 1452 1312 1590 Plani,
1274 1615 1297 1623 ε
1274 1656 1311 1889 amouimus
1275 1918 1311 1959 A
1264 2128 1311 2247 ignes
1262 2270 1311 2488 gPlant.:
1264 2519 1301 2645 egros
1276 2674 1314 2715 A
1276 2933 1300 2980 12
1274 3009 1314 3108 Par.

1219 1453 1257 1597 liabent
1219 1616 1258 1837 sollicitant
1208 1857 1250 2003 peetus
1221 2024 1258 2130 saeta
1220 2150 1256 2326 nefanda
1220 2349 1245 2465 reum
1210 2578 1260 2706 facta]
1222 2730 1259 2836 furta
1220 2867 1259 3072 Baehrens
