5010 3336
4004 1488 4057 1814 LYGDAMI
4008 1870 4054 2174 ELEGIAE

3874 1486 3919 1669 CandOr
3874 1706 3912 1803 erat
3860 1842 3919 2034 quaiem
3859 2073 3919 2278 praefert
3873 2316 3921 2523 Latonia
3863 2561 3919 2715 Luna,

3795 1552 3831 1598 et
3794 1636 3838 1770 color
3795 1806 3840 1854 in
3794 1892 3840 2037 niueo
3779 2074 3823 2277 corpore
3779 2314 3823 2597 purpureuS‚

3715 1484 3751 1535 ut
3714 1574 3761 1737 iuueni
3700 1778 3761 1986 primum
3700 2026 3760 2160 uirgo
3714 2198 3758 2411 deducta
3712 2449 3759 2622 marito

3634 1552 3681 1763 inficitur
3635 1800 3671 1987 teneras
3634 2025 3663 2106 ore
3634 2144 3680 2348 rubente
3619 2385 3663 2549 genas,

3554 1485 3591 1531 et
3554 1570 3584 1681 eum
3555 1720 3591 1987 contexunt
3555 2023 3600 2283 amarantis
3554 2322 3598 2430 alba
3540 2468 3598 2658 puellae

3476 1551 3522 1649 lilia
3476 1686 3513 1732 et
3475 1769 3512 2007 autumno
3474 2045 3521 2255 candida
3474 2294 3518 2419 mala
3473 2455 3519 2644 rubent.

3396 1483 3443 1581 ima
3396 1618 3443 1877 uidebatur
3396 1914 3441 2019 talis
3394 2058 3442 2277 inludere
3380 2314 3439 2470 palla:

3301 1551 3346 1765 namque
3315 1803 3359 1923 haee
3315 1963 3361 2009 in
3314 2048 3361 2205 nitido
3300 2242 3344 2445 corpore
3314 2483 3361 2630 uestis
3313 2668 3351 2781 erat.

3235 1481 3282 1594 artis
3220 1632 3265 1755 opus
3223 1794 3264 1938 rarae,
3219 1980 3279 2167 fulgens
3232 2206 3279 2451 testudine
3233 2488 3271 2535 et
3233 2571 3263 2689 auro

3140 1548 3200 1796 pendebat
3154 1834 3199 1973 laeua
3139 2008 3198 2195 garrula
3138 2232 3189 2366 parte
3139 2403 3197 2512 lyra.

3074 1482 3119 1607 hanc
3059 1645 3120 1854 primum
3072 1894 3120 2097 ueniens
3058 2135 3117 2319 plectro
3071 2357 3118 2637 modulatus
3072 2675 3119 2863 eburno

2994 1548 3041 1712 felices
2994 1751 3030 1922 cantus
2993 1961 3023 2042 ore
2993 2080 3029 2286 sonante
2992 2324 3039 2489 dedit:

2914 1481 2959 1567 sed
2899 1604 2950 1865 postquam
2913 1905 2958 2092 fuerant
2898 2131 2959 2267 digiti
2913 2304 2942 2416 eum
2911 2455 2942 2577 uoce
2902 2615 2959 2779 locuti,

2833 1548 2879 1701 edidit
2833 1740 2878 1860 haec
2832 1897 2880 2029 dulei
2833 2068 2879 2219 tristia
2833 2256 2878 2405 uerba
2832 2443 2877 2625 modo:

2742 1484 2798 1657 ‘salue‚
2753 1698 2783 1812 eura
2752 1849 2798 2027 deum:
2753 2078 2789 2212 casto
2754 2250 2782 2362 nam
2752 2402 2799 2490 rite
2738 2527 2790 2702 poetae

2658 1548 2719 1880 Phoebusque
2672 1918 2710 1965 et
2673 2005 2718 2228 Bacchus
2658 2268 2719 2584 Pieridesque
2671 2622 2717 2819 fauent:

2591 1480 2637 1565 sed
2578 1604 2637 1762 proies
2592 1802 2637 2023 Semelae
2592 2063 2637 2286 Bacchus
2577 2324 2637 2598 doctaeque
2592 2637 2622 2824 sorores

2511 1547 2558 1707 dicere
2512 1746 2542 1845 non
2512 1884 2549 2063 norunt
2498 2101 2558 2219 quid
2512 2258 2557 2375 ferat
2511 2413 2557 2532 hora
2497 2568 2542 2808 sequens:

2431 1478 2468 1525 at
2432 1564 2478 1681 mihi
2431 1720 2475 1925 fatorum
2416 1968 2475 2094 leges
2417 2133 2478 2341 aeuique
2431 2379 2478 2523 futuri

2351 1546 2388 1780 euentura
2336 1818 2387 1952 pater
2337 1989 2381 2131 posse
2351 2169 2397 2335 uidere
2351 2372 2398 2521 dedit.

2255 1479 2300 1626 quare
2255 1665 2299 1754 ego
2255 1793 2299 1917 quae
2269 1955 2316 2066 dieo
2269 2104 2299 2204 non
2270 2243 2314 2384 fallax
2256 2420 2317 2587 accipe
2270 2625 2309 2760 uates

2175 1546 2234 1779 quodque
2189 1817 2234 1937 deus
2190 1975 2219 2092 uero
2176 2131 2237 2370 Cynthius
2190 2408 2220 2490 ore
2190 2527 2234 2686 seram.

2109 1478 2147 1667 tantum
2110 1707 2140 1815 cara
2110 1852 2157 1939 tibi
2096 1977 2147 2214 quantum
2110 2254 2140 2344 nee
2111 2382 2157 2478 filia
2100 2518 2157 2668 matri,

2016 1546 2067 1782 quantum
2030 1822 2060 1912 nee
2015 1950 2077 2130 Cupido
2030 2170 2076 2295 bella
2016 2333 2075 2493 puella
2020 2530 2077 2648 uiro,

1935 1478 1979 1565 pro
1936 1604 1979 1699 qua
1950 1737 1997 1964 sollicitas
1950 2003 1997 2228 caelestia
1950 2264 1997 2468 numina
1940 2504 1998 2645 uotis,

1855 1546 1900 1671 quae
1870 1709 1917 1796 tibi
1870 1834 1900 2029 securos
1870 2067 1899 2167 non
1870 2206 1917 2317 sinit
1870 2356 1917 2422 ire
1870 2460 1917 2564 dies

1779 1480 1827 1539 et,
1790 1580 1819 1690 cum
1789 1730 1827 1775 te
1789 1813 1833 1950 fusco
1775 1985 1834 2199 ‘Somnus
1789 2239 1836 2419 uelauit
1779 2456 1836 2651 amictu,

1710 1546 1739 1729 uanum
1709 1768 1756 2016 nocturnis
1709 2055 1755 2173 fallit
1694 2211 1756 2515 imaginibus,

1630 1480 1677 1777 carminibus
1629 1816 1674 2057 celebrata
1629 2095 1676 2188 tuis
1629 2228 1673 2439 formosa
1629 2479 1673 2667 Neaera

1534 1492 1537 1493 k
1549 1547 1596 1741 alterius
1549 1779 1593 1965 mauult
1549 2003 1578 2106 esse
1534 2145 1593 2306 puella
1539 2342 1596 2443 uiri,

3382 3093 3421 3142 35

2982 3092 3019 3144 40

2580 3086 2619 3138 45

2175 3090 2214 3140 50

1423 1536 1459 1586 33
1434 1617 1465 1687 aut
1433 1710 1458 1801 cum
1421 1833 1467 1860 ψ
1422 2026 1456 2073 41
1422 2108 1468 2237 quuti
1434 2269 1470 2309 A
1423 2452 1456 2501 42
1432 2534 1469 2642 dulci
1433 2662 1470 2794 tristia
1430 2824 1470 3131 Eronklmsz'us:

1380 1481 1417 1589 tristi
1379 1612 1416 1745 dulcia
1380 1776 1415 1814 A
1368 2038 1403 2086 45
1378 2118 1415 2271 semele
1380 2302 1417 2342 A
1369 2556 1403 2604 47
1368 2637 1415 2786 euique
1378 2818 1416 2883 A:
1367 2918 1415 3067 cuique
1380 3102 1417 3140 V

1316 1481 1351 1533 50
1315 1565 1361 1759 quodque
1313 1784 1349 1841 g:
1314 1871 1362 2054 quidque
1326 2085 1361 2124 A
1325 2240 1361 2369 feram
1325 2398 1363 2713 Brouklmsms:
1326 2745 1362 2883 serant
1326 2913 1362 2953 A
