5010 3336
3969 1505 4019 1789 TIBVLLI

3833 1502 3871 1548 te
3819 1587 3869 1731 tenet,
3827 1771 3876 1997 absentes
3826 2033 3875 2153 alios
3809 2191 3872 2397 suspirat
3821 2432 3853 2622 amores
3804 3107 3845 3157 35

3753 1568 3790 1615 et
3750 1652 3798 1846 simulat
3747 1883 3795 2047 subito
3743 2084 3791 2398 condoluisse
3727 2435 3779 2595 caput.

3673 1498 3710 1546 at
3672 1584 3719 1703 mihi
3668 1740 3713 2031 seruandam
3665 2070 3710 2273 credas:
3664 2322 3693 2421 non
3661 2460 3693 2605 saeua
3658 2642 3691 2813 recuso

3580 1566 3637 1779 uerbera,
3586 1821 3634 2041 detrecto
3586 2078 3616 2178 non
3570 2217 3615 2306 ego
3583 2345 3631 2506 uincla
3568 2543 3625 2740 pedum.

3512 1497 3550 1600 tum
3497 1640 3554 1807 procul
3496 1843 3555 2024 absitis‚
3491 2066 3553 2286 quisquis
3504 2324 3550 2439 colit
3501 2475 3539 2576 arte
3485 2612 3547 2827 capillos,

3431 1563 3469 1611 et
3430 1647 3477 1751 fluit
3428 1789 3474 1943 effuso
3428 1981 3474 2059 cui
3412 2097 3463 2209 toga
3424 2246 3470 2351 laxa
3420 2388 3470 2530 sinu:
3406 3100 3443 3153 40

3336 1496 3398 1714 quisquis
3349 1753 3387 1800 et
3334 1837 3383 2073 occurret,
3346 2110 3375 2172 ne
3330 2210 3391 2362 possit
3340 2400 3389 2583 crimen
3327 2620 3386 2814 habere,

3269 1561 3314 1683 †stet
3254 1720 3313 1889 procul
3256 1926 3304 2052 ante,
3265 2092 3313 2185 alia
3264 2222 3302 2315 stet
3248 2352 3306 2519 procul
3259 2557 3298 2671 ante
3256 2708 3306 2831 uia†.

3190 1492 3238 1561 sic
3189 1598 3236 1699 fieri
3186 1738 3235 1873 iubet
3171 1910 3234 2013 ipse
3172 2051 3229 2186 deus,
3182 2227 3229 2295 sic
3165 2334 3211 2509 magna
3176 2548 3222 2775 sacerdos

3109 1559 3147 1629 est
3108 1669 3156 1787 mihi
3106 1825 3154 1997 diuino
3101 2034 3151 2298 uaticinata
3100 2334 3131 2470 sono.

3019 1490 3075 1623 haec,
3028 1665 3075 1749 ubi
3025 1788 3072 2022 Bellonae
3024 2062 3061 2198 motu
3022 2236 3059 2308 est
3006 2346 3067 2538 agitata,
3018 2578 3047 2670 nec
3016 2706 3047 2869 acrem
3002 3097 3040 3146 45

2936 1556 2993 1819 flammam,
2946 1860 2976 1960 non
2943 1998 2974 2168 amens
2940 2207 2986 2410 uerbera
2938 2446 2976 2571 torta
2936 2608 2984 2778 timet:

2853 1488 2916 1592 ipsa
2852 1628 2914 1842 bipenne
2864 1879 2895 1992 suos
2861 2030 2909 2191 caedit
2858 2228 2907 2443 uiolenta
2856 2480 2902 2685 lacertos

2771 1553 2833 1889 sanguineque
2783 1926 2829 2079 effuso
2766 2117 2827 2295 spargit
2778 2331 2826 2485 inulta
2764 2521 2821 2680 deam,

2692 1485 2745 1677 statque
2705 1713 2750 1837 latus
2690 1875 2748 2085 praefixa
2689 2122 2731 2252 ueru,
2698 2293 2736 2386 stat
2695 2423 2743 2587 saucia
2681 2622 2733 2806 pectuS,

2626 1551 2665 1598 et
2626 1635 2673 1765 canit
2623 1802 2661 2008 euentus
2607 2045 2652 2169 quos
2619 2207 2665 2300 dea
2603 2337 2648 2512 magna
2614 2548 2652 2728 monet.
2600 3093 2639 3146 50

2532 1488 2594 1698 ‘parcite
2530 1735 2575 1882 quam
2541 1921 2588 2135 custodit
2539 2172 2585 2326 Amor
2535 2362 2584 2542 uiolare
2520 2579 2579 2806 puellam,

2465 1548 2495 1610 ne
2450 1647 2512 1808 pigeat
2448 1846 2493 2025 magno
2446 2063 2498 2173 post
2456 2211 2506 2441 didicisse
2454 2479 2500 2621 malo.

2370 1480 2432 1702 attigerit,
2382 1743 2429 1968 labentur
2366 2005 2411 2137 opes,
2379 2178 2416 2231 ut
2375 2268 2421 2468 uulnere
2372 2503 2411 2673 nostro

2289 1546 2350 1753 sanguis,
2302 1796 2338 1847 ut
2300 1884 2348 1963 hic
2298 2000 2346 2160 uentis
2280 2197 2345 2517 diripiturque
2292 2554 2340 2705 cinis.'

2224 1479 2262 1526 et
2223 1563 2270 1651 tibi
2220 1688 2268 1856 nescio
2205 1892 2251 2013 quas
2206 2051 2265 2183 dixit,
2216 2226 2246 2335 mea
2202 2374 2261 2528 Delia,
2198 2570 2242 2787 poenas:

2143 1544 2190 1584 si
2140 1621 2180 1785 tamen
2127 1822 2186 2065 admittas,
2137 2107 2183 2168 sit
2121 2205 2166 2377 precor
2133 2413 2181 2493 illa
2131 2529 2178 2665 leuis.

2061 1475 2092 1577 non
2046 1615 2091 1705 ego
2059 1743 2097 1790 te
2043 1827 2095 2025 propter
2041 2062 2086 2209 parco
2042 2246 2101 2349 tibi,
2051 2391 2097 2477 sed
2050 2514 2089 2597 tua
2047 2634 2087 2787 mater

1979 1543 2010 1621 me
1976 1659 2014 1826 mouet
1961 1862 2013 2009 atque
1973 2046 2022 2138 iras
1972 2175 2003 2320 aurea
1958 2356 2018 2511 uincit
1968 2545 1999 2681 anus.

1898 1474 1945 1595 haec
1898 1634 1945 1751 mihi
1895 1790 1934 1837 te
1893 1872 1941 2077 adducit
1891 2114 1938 2327 tenebris
1873 2366 1933 2620 multoque
1884 2658 1934 2833 timore

1802 1540 1863 1793 coniungit
1814 1827 1851 2016 nostras
1812 2054 1857 2179 clam
1809 2218 1857 2457 taciturna
1806 2493 1837 2697 manus:
1801 3084 1839 3136 60

1738 1472 1783 1593 haec
1722 1629 1783 1913 foribusque
1732 1951 1770 2116 manet
1731 2152 1768 2302 noctu
1729 2340 1759 2419 me
1726 2454 1773 2616 adfixa
1709 2651 1770 2921 proculque

1642 1538 1702 1790 cognoscit
1640 1827 1701 2053 strepitus
1651 2091 1682 2170 me
1648 2207 1697 2437 ueniente
1633 2474 1691 2671 pedum.

1576 1470 1625 1584 uiue
1576 1620 1623 1704 diu
1564 1742 1622 1875 mibi,
1573 1915 1620 2071 dulcis
1571 2108 1601 2263 anus:
1554 2312 1615 2533 proprios
1552 2572 1595 2661 ego
1552 2699 1602 2877 tecum,

1497 1536 1544 1597 sit
1496 1634 1542 1785 modo
1483 1818 1541 1907 faS,
1493 1943 1524 2101 annos
1489 2139 1538 2463 contribuisse
1486 2501 1534 2663 uelim.

1367 1521 1403 1569 37
1377 1602 1413 1727 cedas
1377 1758 1415 1875 Riese
1376 1895 1413 1942 L.
1375 1970 1414 2144 Mueller
1361 2359 1397 2412 39
1370 2443 1408 2543 colis
1357 2572 1403 2600 ψ
1356 2796 1389 2847 4ο
1366 2878 1398 2918 et
1364 2952 1401 3039 fluit
1350 3070 1396 3127 qh:

1324 1466 1361 1597 effluit
1325 1626 1361 1667 A
1312 1836 1347 1886 45
1323 1920 1353 2032 motu
1310 2058 1344 2118 g:
1320 2148 1351 2260 mota
1319 2290 1356 2330 A
1306 2501 1351 2552 46
1314 2581 1340 2727 amens
1302 2751 1337 2809 g:
1313 2842 1343 2883 et
1310 2903 1335 3051 amans
1310 3082 1345 3124 A

1260 1465 1294 1514 47
1270 1548 1306 1730 uiolenta
1258 1756 1293 1815 g:
1268 1861 1305 2014 uiolata
1269 2044 1304 2084 A
1253 2362 1287 2413 49
1252 2444 1294 2610 statque
1261 2632 1269 2640 .
1260 2667 1268 2675 .
1260 2700 1268 2709 .
1260 2746 1283 2847 ueru
1257 2881 1293 3028 liabent
1254 3055 1293 3126 Fr.

1207 1465 1242 1515 53
1205 1547 1253 1740 attigeris
1202 1767 1250 1797 ψ
1204 1962 1239 2013 55
1212 2047 1249 2187 nescio
1201 2209 1235 2330 quam
1210 2356 1218 2365 .
1209 2392 1217 2401 .
1208 2429 1217 2437 .
1198 2462 1233 2644 poenam
1205 2677 1244 2882 Baehrens
