5010 3336
896 1360 940 1486 Llss.
895 1252 940 1316 II.
896 1166 937 1208 V

1036 2674 1100 2833 ipsum
1036 2489 1085 2636 etiam
1035 2285 1083 2450 Solem
1034 1998 1082 2247 defectum
1030 1774 1078 1958 lumine
1030 1613 1078 1736 uidit
1048 1168 1087 1210 75

1117 2569 1179 2766 iungere
1117 2293 1179 2531 pallentes
1114 2057 1162 2254 nubilus
1129 1861 1160 2020 annus
1130 1638 1174 1823 equos:

1207 2788 1246 2835 et
1197 2493 1245 2750 simulacra
1199 2306 1245 2456 deum
1195 2045 1243 2269 lacrimas
1194 1823 1241 2006 fudisse
1203 1562 1255 1785 tepentes

1288 3088 1324 3089 i
1282 2573 1342 2768 fataque
1281 2338 1327 2534 uocales
1276 1932 1341 2303 praemonuisse
1276 1725 1322 1893 boues.

1364 2714 1410 2836 haec
1352 2487 1408 2677 fuerant
1360 2298 1407 2449 olim:
1361 2161 1407 2247 sed
1367 2071 1406 2122 tu
1358 1936 1405 2032 iam
1356 1752 1415 1895 mitis,
1358 1514 1418 1709 Apollo,

1442 2546 1505 2768 prodigia
1441 2256 1489 2508 indomitis
1456 2053 1501 2215 merge
1440 1924 1486 2015 sub
1438 1573 1499 1886 aequoribus,
1453 1164 1482 1213 tw:

1534 2790 1571 2836 et
1539 2514 1571 2751 succensa
1521 2329 1569 2475 sacris
1520 2088 1583 2291 crepitet
1520 1922 1567 2048 bene
1521 1721 1566 1883 laurea
1518 1458 1573 1682 flammis,

1604 2602 1653 2768 omine
1620 2464 1665 2564 quo
1602 2315 1650 2426 felix
1612 2230 1649 2277 et
1618 2057 1649 2191 sacer
1617 1862 1647 2021 annus
1600 1723 1647 1825 erit.

1688 2674 1733 2834 laurus
1684 2552 1732 2637 ubi
1685 2383 1732 2514 bona
1683 2208 1745 2345 signa
1682 2021 1739 2172 dedit,
1683 1768 1743 1980 gaudete
1680 1535 1734 1730 coloni;

1767 2521 1815 2769 distendet
1765 2337 1827 2483 spicis
1766 2127 1812 2299 horrea
1766 1943 1826 2089 plena
1764 1741 1819 1904 Ceres,

1848 2655 1896 2836 oblitus
1857 2570 1895 2617 et
1856 2369 1894 2532 musto
1846 2195 1894 2331 feriet
1846 2029 1907 2157 pede
1843 1784 1891 1990 rusticus
1860 1612 1899 1745 uuas,
1852 1167 1899 1214 85

1929 2638 1977 2770 dolia
1930 2482 1976 2601 dum
1927 2280 1990 2443 magni
1926 1910 1987 2242 deficiantque
1927 1707 1971 1872 lacus:

2027 2781 2058 2837 ac
2010 2515 2058 2742 madidus
2009 2285 2057 2477 baccho
2025 2161 2056 2247 sua
2010 2001 2055 2123 festa
2006 1793 2053 1962 Palilia
2016 1591 2067 1755 pastor

2092 2507 2140 2769 concinet:
2108 2431 2138 2459 a
2090 2189 2138 2392 stabulis
2099 2033 2137 2152 tune
2090 1825 2150 1995 procul
2097 1685 2135 1787 este
2087 1534 2149 1647 lupi.

2174 2758 2222 2834 ille
2174 2599 2222 2719 leuis
2173 2353 2235 2561 stipulae
2171 2063 2220 2315 sollemnis
2180 1879 2233 2025 potus
2185 1638 2216 1842 aceruos

2256 2518 2311 2770 accendet,
2256 2252 2301 2474 flammas
2252 1877 2313 2214 transilietque
2266 1662 2297 1838 sacras.

2346 2790 2383 2836 et
2338 2627 2383 2751 fetus
2344 2363 2382 2587 matrona
2333 2174 2391 2325 dabit,
2342 1888 2393 2131 natusque
2330 1661 2391 1850 parenti

2419 2602 2464 2768 oscula
2414 2259 2478 2563 comprensis
2413 2022 2461 2221 auribus
2412 1799 2474 1983 eripiet,

2514 2745 2545 2834 nec
2496 2490 2545 2707 taedebit
2513 2303 2542 2451 auum
2510 2111 2557 2263 paruo
2492 1807 2554 2074 aduigilare
2491 1602 2553 1768 nepoti

2579 2524 2640 2766 balbaque
2594 2373 2625 2486 cum
2592 2181 2639 2333 puero
2574 1980 2622 2143 dicere
2574 1792 2621 1942 uerba
2589 1572 2620 1755 senem.

2670 2720 2707 2836 tunc
2668 2483 2722 2682 operata
2660 2348 2706 2443 deo
2657 2154 2719 2310 pubes
2655 1835 2703 2115 discumbet
2654 1748 2701 1797 in
2654 1545 2708 1709 herba,
2676 1166 2713 1213 95

2741 2587 2789 2771 arboris
2740 2317 2802 2549 antiquae
2755 2182 2800 2279 qua
2736 2023 2784 2144 leuis
2735 1811 2783 1985 umbra
2734 1629 2792 1774 cadit,

2832 2755 2870 2837 aut
2840 2691 2870 2718 e
2832 2518 2870 2655 ueste
2839 2393 2869 2480 sua
2821 2149 2867 2355 tendent
2818 1824 2866 2111 umbracula
2816 1648 2864 1787 sertis

2904 2592 2961 2769 uincta,
2912 2287 2951 2550 coronatus
2900 2103 2948 2249 stabit
2909 2018 2947 2065 et
2899 1876 2961 1980 ipse
2898 1703 2946 1838 calix.

2996 2790 3033 2838 at
2986 2663 3034 2753 sibi
2986 2416 3048 2624 quisque
2987 2227 3046 2379 dapes
2992 2142 3031 2189 et
2984 1959 3030 2104 festas
2990 1735 3028 1921 extruet
2982 1603 3027 1698 alte

3068 2473 3130 2769 caespitibus
3083 2242 3114 2434 mensas
3063 1804 3127 2203 caespitibusque
3072 1592 3109 1767 torum.
3083 1167 3109 1238 τος

3148 2653 3211 2835 ingeret
3148 2536 3195 2615 hic
3158 2354 3210 2499 potus
3147 2124 3195 2315 iuuenis
3144 1822 3193 2084 maledicta
3145 1581 3205 1784 puellae,

2270 1164 2293 1181 (i

2270 1194 2307 1215 CN

3232 2503 3293 2768 postmodo
3247 2340 3292 2466 quae
3228 2174 3277 2301 uotis
3227 1992 3276 2135 inrita
3228 1827 3273 1955 facta
3225 1642 3273 1789 uelit:

3372 2733 3409 2781 75
3374 2656 3409 2716 sq.
3365 2531 3410 2627 pos!
3361 2451 3408 2500 78
3357 2130 3409 2419 lraatsponebal
3357 1956 3406 2101 Rzssgrler
3355 1817 3393 1937 hand
3357 1724 3392 1802 scio
3367 1646 3391 1700 (m
3359 1530 3391 1622 recle
3355 1334 3401 1383 76
3366 1168 3390 1301 annus

3419 2810 3463 2837 ψ
3418 2752 3453 2783 ³2
3413 2655 3452 2728 V:
3415 2491 3451 2623 amnis
3414 2429 3450 2469 Α
3427 2180 3462 2229 79
3412 1996 3449 2146 fuerint
3411 1831 3461 1973 ipsorl.
3414 1716 3446 1807 recte
3409 1486 3445 1533 81
3414 1409 3444 1449 et
3421 1334 3455 1391 g:
3414 1260 3444 1303 ut
3408 1199 3443 1239 A
3424 1167 3444 1173 :

3469 2724 3517 2837 quod
3469 2534 3507 2699 seruari
3469 2366 3518 2513 poterit
3467 2296 3505 2335 εἰ
3468 2091 3516 2266 crepitat
3469 1996 3517 2055 (ψ
3467 1842 3515 1953 legas
3465 1603 3500 1654 82
3468 1457 3499 1573 satur
3462 1168 3498 1417 (‘0r11cl1's·.<ml

3529 2770 3560 2837 eat
3527 2722 3571 2749 ψ
3536 2505 3572 2557 92
3523 2214 3571 2473 comprensis
3526 2128 3572 2183 ψε
3520 1842 3569 2095 compressis
3519 1780 3556 1819 A
3530 1556 3565 1607 94
3529 1393 3565 1522 puero
3529 1341 3562 1367 ’ψ
3516 1284 3563 1313 ig?
3517 1224 3551 1260 [⁷
3531 1168 3552 1175 τ

3590 2734 3625 2835 puro
3577 2674 3614 2711 A
3589 2452 3626 2505 95
3583 2248 3625 2422 operata
3590 2198 3627 2232 g
3591 2170 3614 2177 ε
3582 1988 3625 2136 operta
3574 1926 3612 1965 A
3574 1838 3621 1898 (et
3579 1691 3625 1818 snpra
3578 1510 3623 1669 scrtplo
3585 1473 3607 1480 :
3578 1396 3607 1436 et
3578 1227 3619 1373 operta
3570 1163 3605 1197 1·

3644 2786 3681 2838 99
3637 2589 3670 2755 extruet
3635 2540 3683 2567 ψ
3646 2509 3669 2515 :
3637 2306 3669 2472 extruat
3631 2242 3669 2281 A
