5010 3336
4279 3302 4301 3333 2⁹¹5)

3966 1466 4013 1747 TIBVLLI

3828 1464 3859 1595 nunc
3826 1633 3875 1752 leuis
3825 1790 3864 1862 est
3822 1900 3868 2151 tractanda
3808 2188 3851 2357 uenus,
3818 2397 3864 2514 dum
3800 2550 3862 2770 frangere
3798 2808 3848 2973 postes

3748 1529 3778 1629 non
3732 1666 3791 1819 pudet
3744 1856 3782 1902 et
3743 1939 3791 2061 rixas
3738 2099 3789 2357 inseruisse
3736 2394 3785 2541 iuuat.

3668 1461 3715 1541 hic
3652 1577 3697 1668 ego
3665 1705 3711 1803 dux
3648 1841 3711 2079 milesque
3660 2118 3707 2309 bonus:
3647 2358 3688 2460 uos,
3641 2502 3703 2638 signa
3636 2674 3699 2935 tubaeque,
3635 3068 3678 3088 7

3586 1528 3635 1593 ite
3571 1630 3630 1813 procul,
3569 1854 3631 2045 cupidis
3580 2083 3625 2285 uulnera
3577 2322 3623 2440 ferte
3564 2476 3623 2603 uiris,

3506 1460 3553 1580 ferte
3506 1614 3544 1661 et
3490 1699 3535 1849 opes:
3489 1899 3534 1989 ego
3486 2027 3547 2303 composito
3497 2340 3529 2537 securus
3492 2573 3525 2751 aceruo

3425 1526 3474 1650 dites
3409 1688 3471 1955 despiciam
3404 1993 3468 2362 despiciamque
3414 2400 3463 2594 famem.

3637 3095 3675 3115 ’.ΙΙ

3283 2124 3329 2177 II

3187 1455 3233 1609 ADDE
3185 1648 3216 1833 merum
3169 1873 3231 2090 uinoque
3180 2126 3211 2283 nouos
3164 2320 3209 2581 compesce
3162 2618 3221 2826 dolores,

3092 1522 3143 1731 occupet
3106 1768 3143 1819 ut
3104 1856 3151 1968 fessi
3101 2007 3149 2191 lumina
3099 2227 3147 2358 uicta
3083 2390 3129 2572 sopor:

3028 1454 3058 1549 neu
3011 1595 3074 1855 quisquam
3023 1899 3069 2055 multo
3007 2097 3053 2381 percussum
3000 2425 3055 2649 tempora
3011 2692 3060 2881 baccho

2935 1519 2994 1712 excitet,
2944 1748 2993 1913 infelix
2943 1949 2988 2068 dum
2926 2106 2987 2365 requiescit
2935 2400 2968 2551 amor.

2867 1453 2897 1565 nam
2851 1612 2913 1771 posita
2865 1815 2902 1888 est
2862 1932 2900 2125 nostrae
2858 2170 2906 2394 custodia
2855 2436 2887 2583 saeua
2839 2627 2898 2831 puellae,
2837 3088 2875 3107 5

2786 1519 2833 1760 clauditur
2784 1798 2821 1845 et
2783 1883 2829 2003 dura
2780 2041 2829 2186 ianua
2779 2224 2825 2360 firma
2776 2397 2808 2513 sera.

2706 1452 2754 1596 ianua
2703 1641 2753 1850 difficilis
2702 1895 2749 2084 domini
2700 2131 2737 2178 te
2696 2222 2744 2445 uerberet
2682 2488 2743 2657 imber,

2626 1519 2663 1564 te
2624 1603 2672 1737 Iouis
2608 1776 2671 1981 imperio
2620 2017 2668 2222 fulmina
2618 2260 2665 2406 missa
2602 2442 2653 2624 petant.

2533 1450 2592 1611 ianua,
2545 1654 2591 1749 iam
2528 1796 2580 1961 pateas
2541 2006 2588 2090 uni
2539 2136 2587 2255 mihi
2537 2296 2585 2425 uicta
2521 2468 2580 2708 querellis,

2463 1516 2494 1611 neu
2463 1650 2510 1814 furtim
2461 1853 2492 1994 uerso
2458 2032 2505 2230 cardine
2442 2266 2493 2432 aperta
2453 2468 2485 2627 sones.
2444 3064 2471 3109 10

2385 1449 2422 1495 et
2384 1542 2429 1669 mala
2383 1711 2431 1750 si
2368 1797 2413 1893 qua
2380 1938 2429 2025 tibi
2379 2071 2427 2190 dixit
2374 2234 2423 2483 dementia
2361 2526 2410 2703 nostra,

2290 1515 2351 1767 ignoscas:
2287 1817 2348 1965 capiti
2299 2002 2347 2097 sint
2283 2134 2328 2304 precor
2295 2340 2343 2421 illa
2292 2458 2323 2580 meo.

2223 1448 2261 1495 te
2221 1540 2269 1822 meminisse
2219 1866 2266 2008 decet
2204 2052 2249 2178 quae
2202 2222 2262 2429 plurima
2211 2474 2243 2598 uoce
2194 2640 2253 2802 peregi

2127 1514 2189 1733 supplice
2141 1770 2170 1883 cum
2125 1921 2186 2047 posti
2136 2085 2183 2257 florida
2135 2294 2172 2419 serta
2130 2455 2178 2637 darem.

2062 1448 2099 1497 tu
2046 1535 2092 1734 quoque
2060 1772 2090 1833 ne
2058 1871 2106 2042 timide
2043 2080 2100 2326 custodes,
2041 2367 2100 2521 Delia,
2049 2562 2095 2685 falle.

1978 1511 2024 1797 audendum
1976 1835 2014 1939 est:
1975 1988 2022 2135 fortes
1973 2171 2022 2371 adiuuat
1956 2408 2019 2511 ipsa
1967 2548 2014 2730 Venus.

1899 1446 1946 1525 illa
1898 1562 1944 1692 fauet
1898 1729 1929 1814 seu
1883 1852 1944 1959 quis
1894 1999 1943 2189 iuuenis
1892 2226 1924 2357 noua
1890 2395 1939 2562 limina
1871 2600 1926 2805 temptat

1819 1511 1850 1597 seu
1817 1635 1855 1811 reserat
1817 1850 1862 1945 fixo
1815 1983 1861 2131 dente
1799 2170 1857 2331 puella
1809 2368 1857 2527 sores:

1738 1445 1785 1523 illa
1737 1560 1783 1705 docet
1736 1744 1783 1875 molli
1735 1915 1781 2077 furtim
1717 2116 1778 2346 derepere
1717 2383 1775 2523 lecto,

1658 1512 1705 1591 illa
1643 1627 1702 1808 pedem
1655 1844 1701 1980 nullo
1640 2018 1684 2201 ponere
1638 2236 1683 2381 posse
1638 2420 1680 2556 sono,
1641 3052 1667 3103 20

1578 1443 1626 1524 illa
1577 1560 1625 1664 uiro
1576 1702 1607 1864 coram
1575 1902 1613 2049 nutus
1572 2088 1619 2307 conferre
1556 2343 1617 2575 loquaces

1482 1508 1543 1789 blandaque
1481 1826 1542 2111 compositis
1492 2148 1539 2329 abdere
1488 2366 1535 2515 uerba
1485 2555 1533 2695 notis.

1366 1498 1401 1547 74
1376 1577 1413 1841 conseruisse
1363 1881 1410 1910 ψ
1364 2134 1399 2182 75
1373 2218 1410 2301 Iam
1357 2335 1407 2563 subreppet
1366 2596 1404 2711 iners
1364 2746 1396 2834 etas
1363 2867 1388 2943 uos
1351 2978 1399 3098 signa

1311 1442 1359 1585 tubeq;
1322 1607 1359 1751 habent
1321 1779 1359 1875 Par.
1309 2063 1356 2193 76-78
1318 2223 1356 2369 habent
1314 2389 1354 2486 Par.
1301 2658 1347 2707 78
1299 2739 1347 2965 despiciam
1306 2990 1343 3098 dites

1216 1440 1307 1539 PHI’I·
1207 1569 1240 1589 7
1214 1622 1251 1816 dominae
1202 1845 1250 2021 tpzforl.
1212 2048 1250 2228 dominis
1198 2420 1232 2464 14
1205 2499 1243 2626 florea
1192 2657 1237 2685 ψ
1190 2876 1225 2922 19
1199 2952 1237 3099 habent

1162 1439 1199 1508 Fr.
1161 1587 1198 1700 molli
1161 1722 1197 1862 furtim
1159 1884 1197 1951 Fr.
1158 1974 1183 1980 :
1158 2012 1196 2155 furtim
1157 2180 1194 2290 molli
1155 2321 1193 2361 A
1140 2469 1189 2675 derepere
1148 2696 1186 2763 Fr.
1148 2788 1171 2795 :
1146 2825 1185 3033 decedere
1146 3054 1183 3095 A
