5010 3336
906 1338 952 1466 LIB.
907 1258 953 1294 I.
907 1140 952 1213 IX

1055 2762 1094 2808 et
1062 2612 1094 2725 cum
1045 2393 1095 2573 furtiuo
1044 2123 1094 2356 iuuenem
1044 1835 1093 2085 lassauerit
1061 1693 1102 1797 usu,
1064 1142 1102 1191 55

1136 2581 1175 2744 tecum
1126 2257 1190 2542 interposita
1126 1990 1189 2220 languida
1136 1817 1173 1953 ueste
1126 1619 1173 1779 cubet.

1224 2619 1270 2811 semper
1207 2486 1256 2581 sint
1218 2251 1257 2449 externa
1217 2128 1255 2214 tuo
1207 1886 1269 2091 uestigia
1209 1722 1254 1850 lecto

1300 2699 1337 2746 et
1299 2498 1354 2661 pateat
1289 2269 1352 2461 cupidis
1306 2038 1352 2230 semper
1299 1835 1351 2002 aperta
1290 1589 1336 1799 domus:

1386 2722 1417 2811 nec
1370 2504 1418 2685 lasciua
1388 2330 1419 2466 soror
1370 2105 1418 2295 dicatur
1373 1930 1432 2068 plura
1370 1709 1417 1893 bibisse

1455 2570 1514 2747 pocula
1455 2455 1501 2534 uel
1456 2256 1515 2418 plures
1453 1954 1501 2218 emeruisse
1452 1773 1499 1916 uiros.
1458 1140 1497 1193 60

1532 2684 1580 2813 illam
1551 2500 1596 2645 saepe
1536 2304 1583 2462 ferunt
1534 2034 1582 2265 conuiuia
1536 1814 1582 1994 ducere
1534 1573 1590 1776 baccho,

1616 2630 1662 2749 dum
1626 2486 1664 2590 rota
1615 2237 1663 2447 Luciferi
1625 1962 1678 2199 prouocet
1624 1821 1662 1924 orta
1614 1620 1662 1783 diem:

1694 2734 1742 2815 illa
1698 2564 1743 2697 nulla
1706 2379 1758 2527 queat
1696 2166 1744 2340 melius
1713 1835 1744 2127 consumere
1706 1599 1743 1798 noctem

1787 2666 1824 2750 aut
1794 2424 1839 2628 operum
1777 2229 1825 2385 uarias
1776 1889 1839 2190 disposuisse
1776 1705 1824 1853 uiceS.

1868 2770 1906 2818 at
1867 2650 1906 2733 tua
1858 2326 1920 2614 perdidicit:
1876 2183 1907 2275 nec
1868 2080 1917 2145 tn,
1857 1737 1917 2039 stultissime,
1856 1536 1915 1699 sentis,
1862 1145 1913 1195 65

1955 2638 1987 2751 cum
1939 2512 1987 2599 tibi
1956 2374 1987 2474 non
1939 2194 1987 2335 solita
1956 1980 2001 2157 corpus
1940 1881 1987 1944 ab
1948 1742 1986 1843 arte
1948 1523 1987 1704 mouet.

2030 2701 2069 2818 tune
2031 2523 2084 2663 putas
2021 2354 2068 2485 illam
2038 2227 2083 2314 pro
2030 2141 2069 2189 te
2020 1841 2083 2103 disponere
2019 1645 2067 1804 crines

2112 2668 2149 2753 aut
2111 2460 2150 2631 tenues
2103 2266 2149 2422 denso
2111 2034 2163 2228 pectere
2102 1847 2149 1997 dente
2102 1604 2148 1810 comas?

2182 2664 2230 2818 istane
2183 2367 2244 2628 persuadet
2182 2171 2239 2330 facies,
2198 1910 2243 2130 auroque
2183 1667 2229 1874 lacertos

2262 2570 2310 2753 uinciat
2272 2485 2310 2532 et
2261 2300 2323 2449 Tyrio
2264 2058 2324 2263 prodeat
2271 1908 2323 2021 apta
2261 1725 2309 1871 sinu?
2279 1148 2321 1198 ῖς)

2359 2720 2390 2818 non
2342 2594 2390 2680 tibi
2344 2469 2390 2555 sed
2342 2264 2390 2431 iuueni
2342 2031 2390 2227 cuidam
2344 1886 2389 1991 uult
2342 1720 2389 1849 bella
2340 1514 2399 1683 uideri,

2425 2507 2471 2753 deuoueat
2439 2382 2485 2470 pro
2440 2246 2485 2345 quo
2440 2006 2485 2209 remque
2424 1662 2484 1969 domumque
2431 1474 2469 1625 tuam.

2520 2729 2551 2818 nec
2503 2576 2551 2690 facit
2505 2444 2551 2539 hoc
2503 2273 2561 2406 uitio,
2505 2146 2551 2232 sed
2520 1902 2565 2107 corpora
2504 1720 2551 1865 foeda
2505 1465 2565 1682 podagra

2594 2706 2632 2753 et
2584 2540 2631 2667 senis
2586 2249 2645 2503 amplexus
2585 2081 2630 2212 culta
2585 1881 2645 2045 puella
2581 1711 2645 1845 fugit.

2665 2706 2713 2819 huic
2674 2504 2712 2668 tamen
2664 2236 2712 2467 accubuit
2674 2033 2712 2198 noster
2682 1847 2727 1997 puer:
2666 1663 2712 1797 hunc
2681 1535 2727 1626 ego
2665 1300 2713 1497 credam
2681 1154 2725 1201 75

2763 2642 2794 2753 cum
2746 2384 2794 2601 trucibus
2764 2115 2794 2347 uenerem
2746 1878 2808 2075 iungere
2763 1695 2808 1839 posse
2746 1532 2794 1656 seris.

2827 2494 2876 2820 blanditiasne
2845 2322 2876 2455 meas
2828 2181 2875 2286 aliis
2838 2092 2875 2143 tu
2830 1838 2876 2055 uendere
2845 1750 2875 1800 es
2845 1551 2886 1713 ausuS,

2918 2638 2957 2755 tune
2909 2499 2956 2603 aliis
2910 2255 2958 2461 demens
2910 2049 2957 2217 oscula
2910 1892 2957 2014 ferre
2912 1706 2957 1855 mea?

2999 2719 3036 2821 tum
2990 2528 3049 2681 flebis,
3007 2373 3037 2487 cum
3007 2255 3038 2333 me
2989 1996 3037 2218 uinctum
3007 1838 3052 1958 puer
2992 1682 3037 1803 alter
2989 1441 3038 1645 habebit

3080 2709 3118 2757 et
3080 2540 3133 2673 geret
3070 2454 3118 2503 in
3087 2266 3134 2416 regno
3087 2081 3133 2229 regna
3070 1835 3133 2045 superba
3080 1699 3118 1798 tuo.
3080 1153 3119 1203 80

3162 2778 3199 2825 at
3161 2657 3199 2739 tua
3162 2518 3200 2621 tum
3170 2399 3201 2477 me
3169 2201 3215 2362 poena
3152 2012 3211 2165 iuuet,
3152 1695 3215 1977 Venerique
3153 1452 3201 1657 merenti

3235 2664 3281 2756 fixa
3244 2491 3282 2627 notet
3251 2312 3282 2454 casus
3251 2130 3282 2277 aurea
3236 1930 3296 2093 palma
3251 1726 3281 1892 meos:

3320 2660 3359 2823 HANG
3322 2510 3359 2627 TIBI
3322 2227 3360 2474 FALLACI
3321 1850 3360 2190 RESOLVTVS
3321 1607 3359 1820 AMORE
3321 1291 3361 1576 TIBVLLVS

3397 2493 3436 2754 DEDICAT
3397 2390 3436 2461 ET
3397 2157 3436 2357 GRATA
3398 2025 3447 2123 SIS,
3397 1856 3446 1985 ΒΕΑ,
3397 1621 3435 1821 ΜΕΝΤΕ
3398 1364 3437 1589 ROGAT.

3500 3227 3554 3261 i
3515 2718 3552 2770 68
3521 2516 3564 2687 pectere
3528 2432 3564 2491 g:
3520 2228 3563 2402 pectore
3513 2157 3551 2198 A
3516 1920 3563 1974 69
3514 1756 3553 1890 istane
3516 1568 3566 1735 scripsi:
3516 1459 3552 1535 ista
3515 1388 3551 1428 A
3526 1184 3566 1203 7

3582 2744 3607 2821 nec
3574 2664 3619 2721 ψε
3570 2558 3608 2634 hec
3570 2487 3606 2526 A
3581 2238 3619 2287 75
3569 2114 3607 2207 huic
3571 2057 3620 2083 ψ
3582 2024 3607 2031 ;
3568 1885 3607 1994 hunc
3568 1814 3606 1854 A
3570 1562 3607 1611 81
3576 1441 3607 1527 tum
3573 1357 3620 1411 tp:
3571 1232 3607 1326 dum
3596 1186 3606 1200 ⁴

3626 2771 3661 2822 82
3636 2595 3673 2738 parma
3623 2382 3675 2567 Scaliger

3528 1155 3562 1179 (ι’)
3571 1160 3607 1185 ’γε
