5010 3336
3956 2020 4005 2420 PRAEFATIO

3806 1398 3865 1582 reliqua
3804 1608 3861 1755 parte
3820 1790 3866 1906 libri
3810 1938 3866 2093 basius,
3821 2123 3866 2230 ilem
3822 2267 3861 2311 et
3822 2339 3861 2430 tolo
3807 2463 3861 2635 quarto
3820 2666 3866 2824 extat'
3820 2863 3851 2901 e.
3806 2932 3851 2975 q.
3820 3007 3851 3041 s.

3737 1396 3784 1599 uerbum
3738 1650 3769 1749 non
3724 1798 3787 2007 amplius
3739 2055 3785 2250 addam.
3738 2325 3769 2381 ex
3740 2431 3785 2524 hoc
3724 2574 3785 2857 fragmento,
3725 2910 3786 3045 quod

3657 1394 3687 1421 a
3657 1470 3688 1612 uersu
3657 1661 3705 1744 illo
3658 1786 3701 1983 ‘saevus
3658 2028 3689 2166 amor
3659 2214 3706 2407 docuit’
3644 2447 3705 2549 (ΙΙΙ
3659 2596 3705 2639 iv
3643 2678 3704 2761 65)
3644 2806 3705 3046 incepisse

3562 1393 3621 1540 uolgo
3562 1567 3625 1818 colligitur,
3563 1853 3623 2129 complures
3577 2167 3625 2402 lectiones
3578 2428 3607 2455 a
3563 2481 3625 2725 Scaligero
3563 2756 3623 3045 desumptae

3496 1394 3533 1505 sunt
3481 1549 3526 1669 quas
3482 1712 3544 1886 partim
3496 1930 3543 2010 ille
3498 2053 3544 2102 in
3482 2146 3541 2391 exemplar
3496 2436 3543 2773 Plantinianae
3495 2816 3543 3045 editionis

3415 1391 3446 1430 a.
3400 1468 3459 1591 1569
3416 1629 3463 1678 in
3415 1704 3460 1865 lucem
3415 1902 3461 2045 datae
3416 2071 3454 2188 nota
3416 2224 3447 2341 usus
3416 2371 3459 2439 ‘c.
3416 2469 3460 2523 c.'
3400 2551 3463 2816 descriptas
3406 2846 3462 3041 rettulit,

3319 1392 3382 1565 partim
3336 1609 3383 1658 in
3323 1707 3381 2111 Castzgatiom'lms
3335 2157 3381 2577 commemorauit.
3320 2652 3379 2895 exemplar
3334 2925 3382 3045 illud

3239 1392 3299 1526 quod
3239 1587 3302 1853 Luguduni
3254 1914 3300 2213 Batauorum
3255 2268 3301 2317 in
3240 2378 3302 2691 bybliotheca
3254 2744 3302 3045 Academiae

3173 1394 3221 1519 inter
3173 1561 3221 1709 libros
3158 1744 3221 1896 Lipsii
3158 1941 3221 2375 quinquagesimus
3172 2416 3203 2576 nonus
3172 2620 3219 2904 adseruatur
3158 2952 3221 3045 ipsi

3092 1390 3137 1557 denuo
3077 1605 3140 1904 inspeximus
3092 1959 3131 2005 et
3078 2054 3123 2179 quae
3093 2233 3140 2282 in
3091 2342 3123 2401 eo
3092 2457 3139 2671 inessent
3091 2720 3122 2829 cum
3091 2894 3138 3045 Casti-

2999 1384 3057 1657 gatiom‘lms
2996 1693 3059 2101 comparauimus.
2996 2177 3042 2277 quo
2997 2314 3041 2461 quam
2995 2501 3059 2871 diligentissime
3011 2914 3056 3043 facto

2916 1388 2978 1608 pluribus
2930 1651 2969 1817 tamen
2930 1865 2979 1985 locis
2916 2034 2978 2153 quid
2930 2202 2977 2251 in
2915 2299 2975 2571 fragmento
2915 2619 2977 2853 scriptum
2930 2902 2975 3043 fuerit

2850 1389 2881 1451 ne
2850 1488 2898 1793 diuinatione
2836 1826 2898 2027 quidem
2835 2059 2897 2266 adsequi
2848 2302 2896 2441 facile
2849 2476 2887 2560 est.
2850 2635 2895 2787 multa
2848 2824 2897 2954 enim
2850 2994 2897 3040 in

2768 1388 2816 1511 libro
2769 1547 2817 1858 Plantiniano
2769 1892 2817 2066 tacitus
2768 2100 2817 2179 ille
2753 2218 2815 2461 praeteriit
2754 2504 2799 2629 quae
2754 2672 2816 2833 qualia
2768 2867 2816 3043 fuerint

2687 1389 2719 1445 ex
2688 1479 2736 1561 illo
2688 1602 2737 1795 silentio
2674 1832 2737 2059 colligere
2673 2096 2719 2244 quam
2687 2282 2735 2493 maxime
2687 2530 2734 2770 lubricum
2686 2798 2725 2870 est
2687 2890 2734 2916 ¹.
2689 2992 2735 3040 in

2594 1393 2654 1797 Casllgrcztz'wzz‘hus
2607 1822 2639 1939 uero
2606 1972 2646 2078 uter
2607 2108 2653 2265 codex
2606 2290 2653 2479 dicatur
2607 2511 2653 2644 haud
2606 2673 2651 2823 semel
2607 2860 2654 2909 in
2606 2946 2637 3043 am-

2512 1387 2573 1535 biguo
2512 1572 2574 1871 relinquitur.
2512 1956 2573 2092 quod
2527 2125 2566 2178 ut
2525 2213 2573 2525 manifestum
2526 2551 2574 2645 iam
2525 2682 2571 2765 fiat
2524 2801 2555 2858 ex
2510 2891 2573 3042 ipsius

2435 1386 2492 1645 adnotatis,
2431 1697 2493 1916 quinque
2446 1966 2484 2155 tanturn
2430 2216 2476 2372 eaque
2444 2432 2492 2719 continuato
2444 2768 2476 2818 se
2444 2871 2492 3042 ordine

2349 1387 2412 1678 excipientia
2364 1704 2412 1817 satis
2364 1839 2412 1926 erit
2349 1947 2410 2172 proferre.
2364 2237 2409 2353 Pan.
2349 2384 2396 2470 157
2346 2500 2413 2865 ‘superins-gerit]
2349 2887 2402 3043 super-

2271 1387 2329 1531 egerit
2283 1575 2322 1646 est
2284 1691 2331 1739 in
2283 1789 2331 1939 duob.
2284 1992 2332 2231 nostris':
2268 2283 2329 2607 fragmentum
2282 2652 2330 2770 dicit
2282 2809 2321 2856 et
2281 2900 2329 3042 Cuia-

2202 1387 2251 1596 cianum.
2202 1671 2251 1734 ib.
2189 1764 2247 1855 169
2187 1886 2246 1997 ‘per
2188 2018 2241 2239 tempora
2202 2264 2250 2442 labitur
2184 2460 2251 2639 annus]
2202 2668 2247 2823 codex
2201 2844 2250 3041 infimae

2121 1385 2169 1637 vetustatis
2121 1675 2167 1936 verte‘sur’:
2120 1987 2169 2310 Cuiacianum
2120 2351 2169 2469 dicit
2110 2490 2149 2502 ,-
2120 2561 2166 2623 de
2106 2665 2166 2935 fragmento
2120 2978 2150 3039 ne

2037 1386 2084 1591 uerbum
2024 1632 2086 1847 quidem.
2038 1939 2087 2001 ib.
2024 2054 2072 2141 175
2024 2187 2082 2330 ‘ergo
2039 2374 2085 2457 ubi
2023 2501 2084 2772 praeclaros
2021 2812 2088 3037 poscent]

1956 1387 2005 1533 Liber
1942 1558 2005 1772 optimus
1957 1799 2006 2013 habebat
1948 2038 2004 2192 ierim,
1958 2218 1989 2316 non
1944 2337 1998 2523 poscent
1984 2538 2002 2546 '
1958 2569 1986 2576 ε
1944 2614 2005 2869 fragmenti
1957 2895 2005 3039 lectio

1875 1385 1913 1469 est.
1876 1545 1923 1610 ib.
1862 1644 1922 1731 185
1877 1772 1926 1891 dicit
1878 1925 1909 1976 se
1878 2006 1926 2122 olim
1863 2159 1925 2330 legisse
1877 2372 1923 2633 ‘fecundas
1877 2668 1922 2729 ad
1876 2762 1925 3040 deficientia

1794 1387 1844 1582 niessis'
1782 1620 1828 1767 quam
1796 1818 1845 2150 coniecturam
1796 2199 1844 2533 ‘confirmavit
1794 2570 1843 2691 liber
1781 2731 1842 2945 optimus
1795 2988 1841 3038 in

1700 1386 1745 1485 quo
1714 1511 1753 1558 et
1715 1583 1746 1746 messes
1715 1771 1765 1990 disertirn
1701 2017 1764 2251 scriptum
1715 2279 1760 2409 erat.'
1715 2480 1763 2575 iam
1700 2610 1760 2827 sequitur
1714 2853 1758 2915 ad
1700 2948 1758 3036 189

1633 1383 1678 1673 adnotatum
1658 1703 1677 1713 ‘
1620 1734 1666 1885 quum
1635 1922 1666 2111 memor
1617 2145 1684 2349 accitos]
1620 2381 1679 2485 lege
1634 2520 1673 2753 anleczctos
1634 2778 1670 2828 ut
1632 2855 1680 3039 habent

1552 1384 1599 1491 libri
1553 1529 1601 1680 nostri
1539 1714 1602 1935 scripti':
1540 1972 1593 2167 putares
1553 2194 1585 2310 sane
1554 2336 1593 2569 antecchos
1553 2602 1590 2648 et
1554 2683 1599 2730 in
1538 2765 1598 3037 fragmento

1472 1384 1509 1430 et
1473 1462 1519 1510 in
1471 1547 1521 1816 Cuiaciano
1472 1847 1522 2098 exstitisse.
1458 2170 1518 2315 longe
1471 2348 1519 2483 aliter
1472 2516 1503 2566 se
1472 2600 1503 2674 res
1472 2709 1518 2885 habet:
1471 2923 1502 3036 nam

1389 1384 1439 1707 Cuiacianurn
1393 1733 1438 1894 accitos
1392 1918 1440 2099 habere
1393 2126 1439 2195 tui
1392 2220 1439 2307 tibi
1392 2333 1439 2462 oculi
1377 2487 1437 2778 probabunt,
1377 2804 1436 3038 fragmen-

1310 1385 1346 1486 tum
1310 1538 1351 1773 anteactos
1295 1825 1358 1975 ipsius
1296 2036 1358 2264 Scaligeri
1311 2314 1357 2364 in
1296 2413 1357 2675 exemplari
1309 2725 1357 3036 Plantiniano

1232 1436 1255 1448 1
1215 1473 1254 1738 Conferenda
1214 1760 1246 1855 sunt
1205 1877 1240 1985 quae
1216 2008 1253 2059 de
1216 2082 1252 2159 hac
1216 2182 1240 2225 re
1215 2249 1246 2290 et
1204 2314 1252 2541 prudenter
1214 2563 1253 2633 ille
1203 2653 1253 2821 quidem
1212 2842 1251 3038 disseruit

1151 1384 1191 1430 E.
1150 1458 1190 1594 Hiller
1149 1617 1188 1762 Rlzein.
1149 1786 1188 1897 M'ns.
1149 1918 1181 1947 t.
1151 1970 1188 2074 xxix
1139 2098 1188 2256 (1874),
1139 2282 1175 2350 pp.
1139 2372 1176 2421 97
1138 2445 1176 2535 sqq.

1067 2188 1096 2234 vi
