5010 3336
4028 1466 4076 1751 TIBVLLI

3832 2130 3877 2175 X

3723 1463 3781 1593 QV1s
3723 1631 3781 1731 fuit,
3731 1774 3779 2044 horrendos
3717 2084 3779 2267 primus
3715 2306 3777 2388 qui
3714 2426 3777 2625 protulit
3726 2662 3773 2840 enses?

3642 1528 3686 1675 quam
3654 1715 3699 1841 ferus
3653 1880 3691 1926 et
3652 1963 3682 2077 uere
3651 2115 3697 2294 ferreus
3650 2333 3698 2411 ille
3649 2449 3696 2567 fuit!

3576 1459 3613 1563 tum
3573 1601 3619 1777 caedes
3572 1815 3619 2072 hominum
3558 2110 3618 2287 generi,
3571 2329 3608 2431 tum
3555 2470 3615 2653 proelia
3556 2690 3605 2816 nata,

3496 1526 3534 1628 tum
3494 1668 3541 1863 breuior
3493 1899 3541 2032 dirae
3492 2071 3539 2238 mortis
3478 2275 3528 2441 aperta
3490 2479 3537 2558 uia
3490 2595 3527 2681 est.

3418 1456 3447 1517 an
3416 1557 3462 1676 nihil
3414 1715 3462 1793 ille
3414 1833 3461 1978 miser
3401 2016 3459 2203 meruit,
3412 2244 3441 2333 nos
3411 2372 3456 2434 ad
3410 2475 3455 2601 mala
3409 2637 3446 2801 nostra
3396 3098 3432 3116 5

3324 1524 3383 1771 uertimus‚
3335 1813 3381 1861 in
3333 1900 3364 2069 saeuas
3318 2107 3377 2241 quod
3331 2279 3378 2415 dedit
3330 2452 3378 2531 ille
3330 2568 3375 2728 feras?

3256 1456 3303 1620 diuitis
3254 1658 3300 1751 hoc
3254 1789 3301 1962 uitium
3253 2002 3290 2073 est
3241 2108 3299 2224 auri,
3250 2266 3281 2357 nec
3250 2394 3297 2522 bella
3240 2558 3295 2765 fuerunt,

3162 1522 3223 1711 faginus
3173 1748 3219 1937 astabat
3173 1974 3202 2086 curn
3157 2125 3216 2335 scyphus
3170 2372 3207 2485 ante
3155 2523 3215 2687 dapes.

3097 1454 3127 1553 non
3082 1590 3125 1742 arces,
3093 1781 3124 1881 non
3092 1920 3137 2075 uallus
3080 2115 3129 2228 erat,
3075 2270 3121 2599 somnumque
3074 2636 3136 2836 petebat

3013 1520 3045 1717 securus
3012 1755 3060 1910 uarias
3012 1948 3056 2046 dux
2996 2083 3058 2237 gregis
3010 2276 3058 2399 inter
3008 2436 3039 2569 oues.
3005 3065 3032 3114 10

2934 1452 2971 1568 tunc
2934 1607 2980 1725 mihi
2933 1764 2979 1864 uita
2932 1902 2977 2022 foret
2916 2060 2977 2192 uulgi
2929 2229 2959 2320 nec
2928 2358 2977 2510 tristia
2927 2546 2958 2742 nossem

2854 1516 2884 1651 arma
2852 1689 2882 1779 nec
2852 1817 2899 2064 audissem
2850 2103 2895 2250 corde
2849 2289 2897 2500 micante
2849 2536 2895 2721 tubam.

2773 1450 2804 1581 nunc
2773 1618 2818 1681 ad
2772 1720 2818 1847 bella
2759 1884 2817 2061 trahor)
2771 2098 2808 2146 et
2771 2183 2817 2277 iam
2755 2317 2816 2424 quis
2768 2462 2816 2663 forsitan
2766 2700 2816 2853 hostis

2693 1517 2739 1721 haesura
2693 1760 2739 1807 in
2691 1846 2729 2014 nostro
2690 2053 2735 2149 tela
2676 2184 2737 2304 gerit
2688 2342 2734 2501 latere.

2612 1448 2657 1534 sed
2598 1572 2659 1711 patrii
2611 1751 2649 1939 seruate
2610 1978 2655 2155 Lares:
2609 2204 2657 2389 aluistis
2608 2427 2646 2473 et
2596 2511 2655 2658 idem,
2591 3062 2632 3106 15

2531 1514 2562 1756 cursarem
2530 1795 2568 1982 uestros
2530 2020 2560 2133 cum
2528 2171 2567 2306 tener
2528 2340 2565 2454 ante
2513 2490 2572 2656 pedes,

2450 1446 2481 1542 neu
2437 1578 2495 1760 pudeat
2435 1799 2497 1958 prisco
2448 1995 2479 2084 uos
2448 2122 2479 2227 esse
2447 2265 2477 2291 e
2432 2328 2494 2490 stipite
2445 2527 2491 2711 factos:

2371 1511 2419 1579 sic
2370 1618 2417 1792 ueteris
2369 1830 2414 1971 sedes
2368 2009 2416 2279 incoluistis
2367 2315 2414 2407 aui.

2290 1444 2326 1559 tunc
2290 1598 2337 1770 melius
2288 1808 2327 2008 tenuere
2276 2046 2333 2209 fidem,
2287 2249 2317 2362 cum.
2271 2399 2316 2613 paupere
2284 2650 2331 2783 cultu

2210 1509 2256 1667 stabat
2210 1705 2257 1753 in
2194 1792 2256 1963 exigua
2194 1999 2255 2186 ligneus
2206 2223 2251 2345 aede
2206 2382 2251 2515 deus.
2202 3056 2229 3103 20

2130 1442 2176 1520 hic
2115 1558 2173 1775 placatus
2116 1814 2165 1926 erat,
2127 1969 2157 2055 seu
2112 2092 2174 2199 quis
2125 2237 2173 2474 lihauerat
2125 2510 2155 2659 uuam

2049 1507 2079 1591 seu
2048 1630 2093 1833 dederat
2047 1870 2084 2066 sanctae
2032 2103 2094 2265 spicea
2046 2302 2082 2426 serta
2044 2464 2075 2663 comae:

1953 1438 2005 1585 atque
1952 1621 2014 1796 aliquis
1966 1835 2013 1937 uoti
1952 1975 1996 2179 compos
1951 2216 2013 2693 libaa‘pse—-fefebar'

1873 1505 1925 1715 postque
1886 1753 1917 1919 comes
1872 1957 1916 2133 purum
1886 2170 1933 2268 filia
1871 2304 1916 2453 parua
1883 2489 1930 2669 fauum.

1807 1436 1844 1484 at
1806 1522 1853 1664 nohis
1794 1702 1844 1876 aerata,
1794 1917 1851 2078 Lares,
1790 2119 1852 2349 depellite
1794 2387 1849 2493 tela,
1788 3043 1827 3095 125

1629 1502 1691 1760 hostiaque
1644 1799 1674 1824 e
1628 1860 1689 2006 plena
1643 2042 1691 2219 rustica
1628 2256 1673 2431 porcus
1642 2470 1688 2597 hara.

1526 1489 1563 1527 X
1525 1563 1551 1667 1—10
1526 1696 1563 1843 habent
1525 1866 1563 1963 Par.
1515 2106 1549 2129 3
1525 2161 1556 2245 turn
1524 2270 1548 2302 c.
1523 2328 1562 2427 Par.
1524 2451 1547 2459 :
1524 2489 1555 2587 tunc
1523 2609 1548 2642 c.
1524 2676 1560 2717 A
1514 2859 1547 2881 4
1523 2914 1554 2999 turn
1520 3021 1559 3091 A:

1472 1432 1501 1473 ct
1472 1495 1509 1597 Par.
1462 1828 1497 1851 5
1472 1883 1508 2018 forsan
1473 2041 1503 2081 et
1472 2104 1509 2172 ille
1472 2194 1507 2320 nichil
1469 2344 1494 2392 m.
1468 2420 1507 2517 Par.
1470 2736 1505 2760 8
1458 2790 1505 2955 aptabat
1466 2987 1506 3087 Par.

1407 1431 1454 1620 scyphus
1406 1652 1451 1708 ψτ
1407 1738 1456 1911 sciphus
1419 1942 1455 2089 habent
1418 2107 1455 2170 Fr.
1418 2200 1441 2207 :
1406 2240 1453 2448 (s3ciphus
1416 2471 1453 2569 Par.
1416 2594 1439 2601 :
1405 2634 1452 2780 ciphus
1416 2811 1452 2851 A
1403 2957 1450 3088 dapes

1365 1432 1401 1472 A
1365 1498 1387 1505 :
1364 1538 1388 1696 merum
1364 1718 1402 1817 Par.
1365 1984 1389 2026 11
1354 2061 1400 2172 uulgi
1364 2203 1400 2244 A
1364 2270 1386 2278 ε
1352 2310 1399 2430 Valgi
1352 2452 1399 2620 Heyne:
1362 2652 1398 2780 facilis
1361 2814 1399 2941 Reid:
1349 2973 1396 3087 uigili

1298 1431 1346 1631 temptaui
1299 1798 1335 1843 15
1300 1862 1348 1961 sort.
1312 1987 1342 2029 ut
1311 2052 1347 2161 idem
1309 2332 1344 2378 18
1308 2410 1344 2568 ueteris
1296 2596 1342 2653 ψε
1307 2685 1338 2849 11616165
1307 2880 1343 2920 Α
1306 3037 1330 3083 21:

1257 1431 1281 1510 una
1257 1541 1293 1581 A
1245 1788 1281 1837 23
1245 1870 1292 1960 ipse
1243 1984 1279 2045 g:
1244 2087 1292 2178 ipsa
1256 2208 1293 2249 A
1243 2454 1279 2503 25
1252 2536 1291 2728 lacunam
1239 2766 1284 3027 agnouerunt
1238 3056 1284 3085 ψ
