5010 3336
958 1420 1003 1486 LI
960 1359 1003 1407 B.
960 1278 1003 1313 1,
960 1195 1002 1232 Y

1094 2775 1141 2853 illa
1102 2607 1156 2737 regat
1102 2347 1152 2569 cunctos,
1092 2243 1139 2309 illi
1092 2110 1140 2204 sint
1093 1905 1141 2070 omnia
1111 1690 1142 1867 curae:

1186 2737 1222 2785 at
1175 2564 1223 2698 iuuet
1175 2478 1221 2525 in
1185 2337 1222 2438 tota
1192 2220 1222 2298 me
1175 2062 1221 2181 nihil
1193 1917 1223 2022 esse
1178 1713 1223 1878 domo.
1198 1191 1235 1240 30

1258 2763 1303 2855 huc
1256 2561 1304 2724 ueniet
1258 2288 1303 2520 Messalla
1273 2098 1314 2250 meus,
1257 1981 1303 2057 cui
1257 1778 1304 1941 dulcia
1274 1594 1319 1740 poma

1336 2648 1383 2789 Delia
1336 2420 1384 2611 selectis
1339 2159 1385 2382 detrahat
1337 1830 1385 2119 arboribus:

1428 2797 1470 2859 et,
1427 2569 1465 2759 tantum
1428 2300 1465 2530 uenerata
1418 2090 1476 2262 uirum,
1420 1918 1465 2048 hunc
1420 1710 1466 1879 sedula
1428 1524 1476 1673 curet,

1498 2680 1545 2792 huic
1508 2507 1560 2642 paret
1509 2323 1561 2470 atque
1502 2116 1561 2284 epulas
1499 1974 1561 2076 ipsa
1500 1716 1546 1934 ministra
1509 1534 1561 1679 gerat.

1580 2741 1626 2859 haec
1579 2583 1626 2702 mihi
1582 2285 1642 2544 fingebam,
1598 2118 1642 2242 quae
1598 1948 1628 2078 nunc
1584 1648 1643 1906 Eurusque
1584 1346 1643 1608 Notusque
1602 1198 1640 1243 35

1659 2651 1707 2795 iactat
1663 2382 1709 2612 odoratos
1672 2228 1709 2342 uota
1679 2106 1722 2189 per
1662 1792 1709 2067 Armenios.

1757 2718 1803 2862 saepe
1759 2590 1803 2680 ego
1742 2316 1804 2552 temptaui
1760 2139 1790 2277 curas
1745 1855 1804 2101 depellere
1744 1669 1791 1816 uino:

1832 2750 1869 2797 at
1825 2571 1870 2711 dolor
1823 2486 1869 2533 in
1824 2226 1871 2447 lacrimas
1834 1978 1871 2186 uerterat
1842 1792 1871 1939 omne
1842 1550 1871 1753 merum.

1920 2720 1965 2863 saepe
1904 2540 1951 2683 aliam
1905 2333 1952 2500 tenui:
1907 2196 1953 2281 sed
1906 2062 1953 2157 iam
1924 1911 1953 2022 cum
1907 1692 1968 1871 gaudia
1907 1455 1965 1656 adirem,

1986 2540 2033 2798 admonuit
1986 2272 2034 2502 dominae
1987 1920 2048 2233 deseruitque
1990 1698 2035 1881 Venus
2011 1198 2047 1249 40

2075 2749 2111 2864 tunc
2083 2633 2113 2710 me
2066 2334 2115 2595 discedens
2069 2058 2115 2296 deuotum
2068 1836 2115 2017 femina
2069 1664 2127 1797 dixit,

2163 2772 2193 2800 a
2148 2571 2207 2736 pudet,
2158 2482 2195 2528 et
2158 2286 2195 2444 narrat
2148 2125 2196 2246 scire
2151 1874 2196 2087 nefanda
2168 1660 2198 1834 meam.

2243 2767 2273 2865 non
2227 2615 2274 2727 facit
2230 2482 2275 2575 hoe
2229 2269 2287 2444 uerbis,
2230 2104 2277 2225 facie
2230 1787 2292 2063 tenerisque
2230 1558 2279 1748 lacertis

2310 2585 2357 2800 deuouet
2320 2500 2357 2546 et
2311 2324 2357 2462 ssauis
2322 2122 2358 2286 nostra
2314 1923 2373 2084 puella
2313 1716 2360 1884 comis.

2389 2761 2436 2866 talis
2392 2661 2437 2723 ad
2392 2280 2439 2619 Haemonium
2393 2072 2440 2244 Nereis
2396 1886 2441 2031 Pelea
2397 1596 2455 1848 quondam
2420 1204 2455 1252 45

2482 2659 2519 2798 uecta
2483 2549 2519 2620 est
2475 2323 2521 2509 frenato
2476 2092 2521 2283 caerula
2475 1921 2536 2053 pisce
2476 1696 2523 1881 Thetis.

2555 2747 2601 2867 haec
2571 2497 2601 2708 nocuere
2556 2327 2602 2459 mihi.
2558 2116 2616 2250 quod
2558 1939 2604 2078 adest
2557 1787 2604 1900 huic
2558 1609 2607 1748 diues
2569 1371 2618 1570 amator,

2634 2668 2681 2801 uenit
2634 2582 2681 2628 in
2635 2343 2682 2541 exitium
2637 2128 2685 2303 callida
2640 1980 2685 2090 lena
2656 1762 2686 1941 meum.

2715 2580 2777 2867 sanguineas
2719 2426 2764 2539 edat
2717 2308 2764 2388 illa
2720 2120 2779 2271 dapes
2730 1934 2780 2081 atque
2737 1812 2767 1894 ore
2732 1570 2769 1774 cruento

2796 2650 2843 2800 tristia
2815 2500 2844 2611 cum
2801 2303 2846 2458 multo
2802 2088 2860 2264 pocula
2802 1939 2847 2048 selle
2801 1733 2849 1899 bibat:
2824 1207 2863 1257 50

2878 2743 2924 2867 hane
2878 2498 2925 2704 uolitent
2879 2267 2926 2460 animae
2880 2046 2927 2228 circum
2898 1919 2927 2005 sua
2884 1785 2929 1881 fata
2893 1486 2944 1746 querentes

2975 2601 3021 2803 semper,
2970 2512 3008 2559 et
2978 2448 3008 2474 e
2960 2270 3008 2409 tectis
2962 2118 3008 2231 strix
2962 1863 3010 2078 uiolenta
2974 1654 3012 1825 canat:

3039 2767 3100 2867 ipsa
3042 2603 3089 2729 fame
3042 2282 3090 2563 stimulante
3044 2078 3090 2242 furens
3046 1764 3107 2038 herbasque
3046 1491 3108 1725 sepulcris

3132 2606 3182 2803 quaerat
3134 2522 3170 2568 et
3141 2457 3170 2485 a
3124 2262 3172 2419 saeuis
3142 2114 3171 2222 ossa
3126 1910 3172 2075 relicta
3127 1714 3188 1873 lupis3

3215 2714 3249 2870 currat
3212 2632 3250 2677 et
3204 2311 3266 2592 inguinibus
3206 2128 3253 2271 nudis
3209 1837 3268 2087 ululetque
3226 1714 3269 1798 per
3210 1519 3267 1677 urbeS‚
3232 1212 3269 1259 55

3294 2696 3345 2805 post
3295 2552 3346 2660 agat
3304 2488 3333 2514 6
3286 2298 3333 2450 triuiis
3304 2092 3349 2261 aspera
3290 1914 3335 2053 turba
3306 1684 3336 1876 canum.

3426 2767 3461 2817 29
3414 2670 3451 2737 ille
3414 2608 3449 2648 A
3414 2501 3451 2574 sed
3430 2387 3453 2485 corr.
3430 2160 3465 2213 30
3424 2088 3454 2129 at
3419 1950 3455 2063 iuuet
3423 1876 3463 1916 ιβ,
3420 1803 3467 1847 <fi
3418 1650 3457 1775 Mart.
3420 1540 3458 1622 xiv.
3432 1410 3468 1513 190:
3422 1210 3459 1379 adiuuet

3467 2833 3502 2872 A
3480 2617 3515 2665 31
3470 2413 3507 2581 uenient
3469 2342 3506 2381 A
3485 2119 3519 2169 33
3473 1958 3523 2086 hunc]
3487 1822 3511 1931 nune
3479 1752 3510 1788 cl
3474 1680 3510 1721 in
3487 1596 3521 1645 34
3488 1454 3511 1560 nune
3484 1297 3523 1415 paret
3480 1210 3524 1265 nst:

3521 2769 3558 2872 bene
3522 2692 3559 2738 S.
3523 2544 3559 2665 Allan
3537 2331 3571 2376 41
3525 2030 3563 2294 descendens
3531 1970 3575 1997 ψ
3542 1752 3575 1801 42
3542 1698 3565 1720 a
3528 1614 3566 1662 L.
3528 1386 3565 1583 alnella-2
3536 1314 3566 1353 et
3530 1210 3567 1279 A:

3577 2746 3622 2872 pudet
3590 2703 3613 2726 a
3577 2459 3614 2664 Baehrens
3592 2214 3616 2346 meam
3580 2006 3617 2179 Nadcll:
3595 1884 3619 1974 mea
3583 1822 3619 1860 A
3597 1563 3631 1613 43
3584 1385 3621 1526 herbis
3589 1330 3633 1351 ᾳ
3589 1210 3620 1299 reste

3634 2778 3677 2878 pulo
3644 2550 3678 2600 45
3634 2384 3680 2517 qualis
3638 2321 3683 2349 ψ
3638 2055 3673 2192 nereis
3640 1965 3682 2019 ψ’
3638 1796 3674 1934 nereis
3650 1682 3685 1762 que
3639 1609 3674 1648 A
3652 1388 3685 1436 47
3651 1210 3674 1351 musas

3684 2636 3733 2872 corrnplelae
3692 2410 3736 2614 suspectas
3703 2122 3738 2173 49
3690 1999 3727 2085 edit
3691 1770 3728 1977 lv'mnclecn
3696 1653 3729 1744 falc
3699 1512 3741 1628 pulo,
3699 1428 3741 1474 (J.
3692 1206 3730 1402 Classical

3736 2716 3775 2872 Rcvicw
3745 2669 3775 2696 t.
3741 2559 3789 2642 xvi,
3754 2464 3789 2532 pp.
3755 2367 3779 2435 111
3756 2286 3790 2346 sq.
