5010 3336
1275 2239 1321 2453 LIBER
1271 1877 1319 2183 TERTIVS

1402 2270 1465 2621 <monim
1396 1711 1457 2213 ALioRmisz)

1534 2177 1580 2503 meon-xm
1530 1813 1578 2123 ELEGIAE

1665 2154 1710 2175 I
1655 2042 1704 2101 ἴ

1764 2652 1809 2861 MARTls
1758 2396 1809 2612 Romani
1760 2208 1805 2358 festae
1772 1992 1803 2170 uenere
1754 1713 1802 1955 kalendae

1842 2553 1905 2796 (exoriens
1839 2337 1888 2514 nostris
1838 2220 1885 2299 hic
1837 2093 1884 2182 fuit
1852 1899 1883 2057 annus
1833 1719 1897 1861 auis),

1936 2820 1971 2865 et
1940 2657 1985 2781 uaga
1938 2489 1968 2620 nunc
1930 2321 1967 2451 certa
1918 2008 1967 2285 discurrunt
1914 1750 1975 1971 undique
1929 1528 1975 1712 pompa

2019 2614 2066 2798 perque
2001 2474 2049 2576 uias
1999 2304 2047 2435 urbis
2014 2062 2045 2265 munera
2012 1841 2059 2026 perque
1996 1612 2042 1804 domos.

2086 2706 2143 2865 dicite,
2082 2434 2140 2663 Pierides,
2097 2175 2143 2392 quonam
2081 1927 2127 2137 donetur
2079 1702 2124 1891 honore
2096 1190 2133 1210 5

2184 2712 2214 2797 seu
2181 2547 2223 2673 mea,
2180 2420 2210 2505 seu
2164 2231 2219 2381 fallor,
2177 2079 2207 2189 cara
2161 1850 2206 2041 Neaera
2167 1634 2205 1813 tamen.

2246 2617 2294 2862 ‘carmine
2247 2322 2301 2579 formosae,
2241 2126 2304 2281 pretio
2239 1827 2301 2087 capiuntur
2255 1582 2285 1792 auarae:

2328 2576 2389 2799 gaudeat,
2333 2482 2371 2534 ut
2323 2295 2385 2444 digna
2331 2174 2380 2258 est,
2320 1911 2368 2132 uersibus
2319 1792 2365 1873 illa
2317 1597 2364 1754 nouis.

2410 2734 2454 2864 lutea
2408 2611 2453 2697 sed
2404 2371 2452 2573 niueum
2404 2109 2450 2331 inuoluat
2401 1783 2448 2071 membrana
2399 1512 2455 1745 libellum,

2504 2618 2550 2797 pumex
2496 2533 2534 2579 et
2502 2348 2532 2495 canas
2485 2105 2531 2309 tondeat
2492 1955 2529 2068 ante
2497 1733 2538 1916 comas,
2498 1192 2522 1237 ιο

2583 2573 2629 2864 summaque
2575 2288 2629 2535 praetexat
2563 2091 2611 2250 tenuis
2561 1862 2624 2052 fastigia
2563 1629 2608 1826 chartae

2649 2616 2696 2797 indicet
2658 2525 2695 2577 ut
2663 2302 2694 2486 nomen
2644 2106 2692 2263 littera
2646 1943 2690 2069 facta
2652 1747 2700 1905 tuum,

2743 2718 2793 2865 atque
2730 2557 2777 2681 inter
2728 2302 2791 2521 geminas
2726 1999 2790 2262 pingantur
2741 1780 2772 1965 cornua
2726 1523 2770 1742 frontes:

2812 2730 2859 2797 sic
2810 2511 2859 2693 etenim
2819 2217 2871 2472 comptum
2808 1986 2854 2175 mittere
2814 1754 2868 1947 oportet
2805 1560 2866 1715 opus.'

2909 2780 2954 2864 per
2908 2641 2950 2744 uos,
2901 2377 2938 2602 auctores
2888 2195 2936 2338 huius
2887 2037 2935 2155 mihi
2886 1756 2945 1998 carminis,
2902 1624 2933 1714 oro
2905 1196 2941 1237 15

2972 2433 3033 2797 Castaliamque
2971 2170 3017 2395 umbram
2968 1845 3029 2129 Pieriosque
2970 1660 3024 1808 lacus,

3052 2800 3100 2865 ite
3054 2560 3100 2765 domum
3054 2234 3112 2521 cultumque
3049 2130 3096 2196 illi
3051 1909 3097 2092 donate
3048 1638 3105 1872 libellum,

3134 2674 3181 2798 sicut
3132 2522 3180 2637 erit:
3135 2310 3179 2472 nullus
3133 2089 3179 2272 defluat
3130 1936 3178 2051 inde
3131 1752 3177 1898 color.

3215 2785 3262 2864 illa
3215 2630 3262 2748 mihi
3217 2408 3271 2593 referet,
3214 2329 3261 2365 si
3213 2138 3260 2289 nostri
3222 1928 3259 2099 mutua
3228 1778 3258 1892 cura
3220 1655 3269 1741 est,

3314 2738 3344 2799 an
3296 2529 3354 2699 minor,
3314 2426 3343 2487 an
3305 2281 3343 2387 toto
3304 2046 3357 2244 pectore
3292 1726 3341 2008 deciderim.
3312 1196 3337 1241 ιε

3428 2685 3464 2807 Liber
3426 2491 3475 2662 explicit
3426 2248 3463 2469 sccundus.
3424 2026 3472 2179 Incipit
3424 1854 3461 2003 tertius
3424 1781 3460 1831 ad
3422 1579 3459 1755 Neeram
3420 1337 3459 1554 Amasiam
3433 1199 3458 1313 suam

3481 2783 3518 2858 Rea
3482 2722 3517 2761 2²1

3536 2794 3574 2809 I
3549 2716 3584 2759 7-
3548 2657 3582 2701 14
3548 2531 3571 2624 cnm
3533 2346 3571 2507 AIm'cto
3532 2186 3569 2323 Musz's
3533 2072 3570 2164 dedi
3546 1884 3581 1903 7
3532 1706 3581 1849 precio
3530 1457 3578 1682 capiuntur
3530 1322 3566 1436 anari
3529 1203 3565 1300 Ρη).

3591 2840 3626 2865 8
3591 2687 3627 2809 nouis
3590 2494 3639 2655 scripsi:
3589 2355 3625 2459 meis
3588 2284 3624 2324 A
3604 2251 3626 2258 :
3589 2137 3625 2219 tuis
3587 1912 3624 2106 Muretus
3599 1747 3623 1795 10
3598 1561 3633 1716 pumex
3591 1499 3621 1538 et
3587 1414 3633 1469 gb:
3583 1197 3630 1379 pumicet

3651 2823 3681 2864 ct
3644 2753 3679 2791 Α
3656 2480 3681 2522 ΙΙ
3649 2148 3691 2443 praetcxatg:
3643 1929 3690 2115 protexit
3641 1859 3677 1897 A
3652 1582 3675 1629 12
3639 1441 3687 1549 picta
3636 1197 3673 1409 Liuineius

3698 2731 3747 2865 tuum]
3710 2568 3735 2704 meum
3701 2510 3744 2537 ψ
3698 2364 3747 2478 uulg.
3709 2144 3744 2188 15
3709 2035 3744 2110 per
3709 1937 3732 2013 uos
3709 1855 3745 1913 g:
3707 1668 3744 1823 paruos
3694 1598 3731 1638 A
3694 1417 3728 1463 16
3692 1200 3729 1386 umbram

3766 2818 3801 2871 g:
3752 2550 3789 2785 umbrosam
3752 2479 3788 2519 A
3764 2255 3789 2307 20
3764 2174 3788 2226 an
3764 1964 3787 2149 mancam
3753 1904 3794 1932 ψ
