5010 3336
969 1316 1015 1442 LIB.
971 1235 1016 1270 Ι.
972 1140 1017 1190 II

1116 2714 1148 2804 nec
1101 2532 1148 2678 docet
1101 2400 1148 2495 hoc
1117 2176 1160 2362 omnes,
1105 2048 1150 2134 sed
1119 1886 1165 2009 quos
1121 1756 1153 1847 nec
1104 1544 1154 1717 inertia
1110 1348 1156 1507 tardat

1197 2648 1228 2739 nec
1190 2479 1228 2611 uetat
1182 2232 1229 2442 obscura
1198 2002 1245 2195 surgere
1194 1819 1233 1965 nocte
1186 1623 1233 1781 timor.

1191 3088 1570 3096 l
1278 2746 1306 2806 en
1277 2616 1323 2708 ego
1278 2469 1309 2582 curn
1262 2217 1310 2431 tenebris
1272 2076 1311 2178 tota
1282 1889 1327 2039 uagor
1266 1681 1314 1853 anxius
1269 1508 1327 1642 urbe,
1291 1141 1331 1187 25

1574 3092 1658 3096 f

1742 3094 1759 3098 Ι

1438 2718 1470 2808 nec
1422 2568 1471 2682 sinit
1434 2310 1472 2533 occurrat
1425 2015 1488 2274 quisquam
1428 1892 1490 1975 qui
1446 1647 1491 1853 corpora
1432 1485 1480 1610 ferro
1442 1138 1492 1214 25ss

1506 2520 1552 2743 uulneret
1515 2401 1553 2484 aut
1516 2227 1568 2363 rapta
1508 1975 1569 2191 praemia
1519 1800 1558 1937 ueste
1520 1616 1573 1763 petat.

1583 2592 1646 2811 quisquis
1603 2388 1634 2555 amore
1596 2146 1646 2350 tenetur,
1599 2027 1636 2105 cat
1600 1756 1653 1989 tutusque
1609 1483 1655 1718 sacerque

1666 2498 1726 2745 qualibet3
1666 2249 1715 2447 insidias
1685 2109 1716 2210 non
1670 1851 1719 2071 timuisse
1674 1657 1721 1813 decet.

1762 2715 1793 2812 non
1746 2559 1793 2674 mihi
1747 2385 1809 2518 pigra
1759 2168 1796 2348 nocent
1749 1896 1799 2129 hibernae
1752 1681 1814 1857 frigora
1755 1472 1814 1645 noctis,

1843 2647 1874 2744 non
1827 2488 1874 2606 mihi
1845 2336 1875 2449 cum
1832 2145 1876 2298 multa
1831 1924 1879 2109 decidit
1832 1728 1881 1886 imber
1851 1551 1897 1692 aqua.

1923 2715 1954 2813 non
1909 2539 1955 2677 labor
1908 2424 1956 2502 bic
1910 2225 1968 2385 laedit,
1921 2003 1959 2182 reseret
1915 1813 1962 1966 modo
1915 1630 1963 1774 Delia
1926 1427 1978 1593 postes

1997 2702 2034 2749 et
1997 2519 2036 2664 uocet
1991 2421 2037 2484 ad
1990 2248 2053 2383 digiti
2009 2128 2040 2207 me
1994 1850 2043 2091 taciturna
2013 1619 2045 1812 sonum.

2069 2638 2130 2819 parcite
2070 2318 2130 2600 luminibus,
2090 2191 2120 2276 seu
2074 2078 2121 2151 uir
2092 1958 2123 2043 seu
2077 1736 2125 1919 femina
2080 1616 2127 1699 fiat

2150 2577 2198 2753 obuia:
2151 2383 2199 2527 celari
2155 2240 2200 2345 uult
2171 2116 2202 2203 sua
2157 1954 2204 2079 furta
2160 1732 2207 1918 Venus.

2247 2726 2278 2821 neu
2231 2484 2293 2687 strepitu
2242 2271 2281 2445 terrete
2238 2052 2297 2234 pedum
2255 1916 2286 2011 neu
2241 1656 2301 1876 quaerite
2260 1432 2292 1617 nomen
2267 1179 2304 1197 7

2329 2660 2360 2755 neu
2330 2470 2375 2622 prope
2316 2229 2376 2431 fulgenti
2317 2004 2365 2191 lumina
2322 1849 2368 1967 ferte
2324 1693 2370 1811 face.

2392 2787 2439 2823 si
2394 2638 2455 2747 quis
2404 2553 2441 2601 et
2394 2232 2457 2517 imprudens
2400 1944 2461 2196 aspexerit,
2405 1708 2451 1901 occulat
2404 1590 2452 1669 ille

2491 2575 2536 2757 perque
2477 2417 2523 2537 deos
2494 2207 2525 2379 ornnes
2496 2118 2527 2169 se
2482 1798 2531 2080 meminisse
2496 1583 2547 1760 neget:

2571 2714 2601 2824 nam
2556 2534 2603 2675 fuerit
2556 2196 2620 2497 quicumque
2562 1968 2622 2159 loquax,
2562 1888 2611 1926 is
2566 1613 2627 1850 sanguine
2577 1394 2627 1576 natam,

2636 2722 2683 2759 is
2638 2440 2685 2684 Venerem
2656 2375 2686 2401 e
2640 2167 2702 2338 rapido
2643 1954 2691 2129 sentiet
2662 1813 2693 1920 esse
2648 1642 2695 1775 mari.
2676 1158 2711 1209 40

2733 2738 2763 2827 nec
2726 2537 2764 2701 tamen
2718 2384 2766 2498 huic
2722 2181 2769 2347 credet
2723 1928 2771 2144 coniunx
2735 1766 2785 1891 tuus,
2738 1671 2775 1724 ut
2729 1514 2777 1633 mihi
2748 1328 2780 1475 uerax.

2797 2546 2858 2762 pollicita
2808 2438 2846 2510 est
2800 2210 2862 2399 magico
2819 2059 2865 2172 saga
2804 1738 2855 2022 ministerio.

2878 2704 2925 2829 banc
2895 2575 2940 2667 ego
2880 2478 2928 2541 de
2883 2303 2929 2440 caelo
2884 2000 2932 2265 ducentem
2886 1801 2935 1961 sidera
2888 1648 2949 1765 uidi,

2958 2551 3006 2764 fluminis
2961 2391 3009 2513 haec
2963 2199 3025 2355 rapidi
2965 1947 3014 2162 carmine
2968 1764 3017 1909 uertit
2970 1626 3030 1727 iter,

3040 2711 3086 2831 baec
3051 2528 3088 2675 cantu
3042 2247 3105 2489 finditque
3048 2048 3094 2209 solum
3064 1740 3113 2009 manesque
3054 1466 3115 1701 sepulcris
3080 1167 3119 1217 45

3120 2637 3169 2766 elicit
3132 2554 3170 2601 et
3123 2349 3185 2518 tepido
3127 2099 3174 2311 deuocat
3145 1950 3176 2061 ossa
3147 1766 3193 1913 rogo:

3200 2740 3247 2833 iam
3210 2569 3250 2701 tenet
3202 2322 3253 2534 infernas
3207 2092 3270 2283 magico
3210 1850 3260 2055 stridore
3222 1578 3275 1813 cateruas,

3282 2675 3329 2769 iam
3283 2501 3332 2636 iubet
3302 2246 3348 2466 aspersas
3291 2083 3337 2207 lacte
3293 1872 3340 2047 referre
3296 1642 3356 1836 pedem.

3379 2727 3410 2837 cum
3363 2558 3423 2688 libet,
3367 2395 3414 2516 haec
3368 2237 3416 2357 tristi
3371 1999 3432 2199 depellit
3374 1792 3423 1962 nubila
3379 1589 3428 1757 caelo:

3460 2662 3491 2772 curn
3445 2492 3504 2622 libet,
3448 2263 3497 2451 aestiuo
3462 1981 3501 2226 conuocat
3456 1826 3504 1945 orbe
3458 1636 3507 1788 niues.
3486 1171 3512 1218 :0

3514 1204 3525 1221 υ

3587 2735 3622 2784 23
3576 2583 3615 2704 docet
3581 2494 3627 2551 rb:
3580 2330 3618 2450 decet
3582 2252 3618 2293 A
3600 1937 3635 1986 25
3593 1878 3625 1913 ct
3592 1770 3637 1842 25³
3592 1538 3630 1740 coniuncti
3594 1421 3633 1506 sine
3596 1172 3634 1387 interuallo

3629 2798 3664 2838 ιἰι
3629 2735 3665 2774 Α
3645 2522 3680 2569 31
3646 2402 3670 2484 non
3636 2259 3673 2377 labor
3637 2167 3675 2232 hic
3638 2071 3675 2143 m'x
3652 1946 3678 2051 sana
3658 1726 3693 1778 33
3647 1620 3685 1693 fias
3652 1571 3698 1599 ψ
3662 1335 3697 1385 34
3652 1175 3688 1301 celari

3714 2832 3717 2836 a
3714 2800 3718 2805 .
3714 2768 3720 2775 .
3683 2601 3722 2744 Venus
3687 2434 3725 2579 liabent
3689 2345 3727 2413 Fr.
3704 2124 3740 2175 35
3706 2010 3731 2091 ncu
3694 1922 3733 1982 V:
3710 1838 3734 1889 nc
3700 1775 3735 1815 A
3715 1525 3751 1589 39.
3718 1446 3750 1497 40
3705 1266 3741 1414 lzabcnl
3705 1179 3743 1247 Fr.

3750 2788 3781 2839 40
3740 2612 3786 2756 rapido
3740 2550 3777 2589 Α
3741 2462 3780 2526 F».
3756 2427 3780 2434 ε
3744 2251 3782 2394 rabido
3750 2200 3796 2227 ψ
3748 2078 3795 2180 [ωἸ.
3755 1956 3788 2051 recle
3767 1740 3802 1789 47
3756 1626 3794 1706 ciet
3761 1576 3806 1604 ψ
