5010 3336
3945 1499 3993 1784 TIBVLLI

3808 1496 3854 1629 hunc
3796 1667 3852 1781 fore,
3792 1822 3853 2093 Aquitanas
3791 2134 3845 2299 posset
3791 2337 3853 2420 qui
3804 2458 3851 2661 fundere
3790 2697 3843 2879 gentes,

3714 1563 3759 1710 quem
3726 1749 3765 1973 tremeret
3726 2011 3773 2119 forti
3725 2160 3772 2311 milite
3724 2349 3772 2507 uictus
3724 2546 3768 2685 Atax.

3646 1494 3678 1734 euenere:
3646 1784 3676 1942 nouos
3632 1980 3691 2135 pubes
3645 2176 3689 2402 Romana
3629 2440 3691 2712 triumphos
3633 3129 3673 3149 5

3566 1560 3613 1684 uidit
3565 1721 3603 1768 et
3564 1805 3613 2026 euinctos
3564 2065 3611 2292 bracchia
3550 2329 3601 2470 capta
3563 2508 3608 2692 duces:

3486 1490 3522 1539 at
3485 1577 3522 1623 te
3485 1661 3533 1883 uictrices
3473 1921 3529 2097 lauros,
3473 2138 3528 2381 Messalla,
3469 2421 3521 2669 gerentem

3391 1558 3451 1783 portabat
3405 1820 3452 1985 nitidis
3404 2023 3434 2188 currus
3404 2227 3449 2441 eburnus
3389 2478 3450 2629 equis.

3325 1490 3355 1590 non
3325 1629 3372 1733 sine
3325 1771 3354 1849 me
3324 1886 3361 1958 est
3324 1995 3371 2082 tibi
3309 2120 3361 2284 partus
3322 2322 3368 2514 honos:
3321 2564 3369 2793 Tarbella
3308 2831 3367 3016 Pyrene

3244 1556 3291 1691 testis
3243 1729 3281 1775 et
3243 1814 3290 2001 Oceani
3243 2038 3289 2177 litora
3231 2215 3289 2479 Santonici,
3242 3102 3268 3148 10

3164 1487 3211 1622 testis
3164 1660 3209 1781 Arar
3148 1819 3208 2193 Rhodanusque
3162 2231 3207 2358 celer
3147 2396 3192 2700 magnusque
3151 2739 3207 2985 Garunna,

3082 1556 3130 1784 Carnutis
3083 1822 3120 1869 et
3083 1906 3129 2019 flaui
3082 2058 3126 2250 caerula
3067 2286 3126 2485 lympha
3067 2526 3127 2680 Liger.

3003 1485 3033 1547 an
2991 1586 3039 1645 te,
2987 1688 3048 1878 Cydne,
2990 1916 3031 2103 canam,
3001 2145 3048 2302 tacitis
2986 2341 3047 2424 qui
3000 2462 3047 2633 leniter
3000 2669 3048 2814 undis

2921 1553 2966 1802 caeruleus
2906 1840 2967 2043 placidis
2905 2082 2950 2167 per
2920 2203 2965 2331 uada
2905 2368 2967 2519 serpis
2906 2556 2967 2709 aquis,

2827 1485 2877 1697 quantus
2840 1735 2877 1782 et
2839 1818 2887 2035 aetherio
2824 2074 2887 2363 contingens
2839 2401 2886 2583 uertice
2839 2621 2885 2777 nubes
2829 3100 2868 3145 15

2746 1551 2807 1750 frigidus
2759 1789 2807 2010 intonsos
2758 2048 2803 2239 Taurus
2759 2276 2803 2372 alat
2756 2411 2805 2626 Cilicas?

2666 1483 2727 1602 quid
2680 1640 2724 1843 referam
2679 1882 2716 1933 ut
2678 1970 2725 2141 uolitet
2678 2178 2724 2370 crebras
2678 2408 2725 2589 intacta
2664 2626 2708 2710 per
2678 2746 2725 2891 urbes

2599 1548 2645 1660 alba
2598 1698 2645 1975 Palaestino
2598 2013 2635 2181 sancta
2597 2218 2644 2449 columba
2583 2487 2642 2619 Syro,

2504 1485 2557 1633 utque
2518 1671 2565 1814 maris
2517 1852 2554 2046 uastum
2502 2084 2555 2361 prospectet
2517 2399 2564 2609 turribus
2503 2646 2549 2830 aequor

2424 1549 2485 1703 prima
2436 1739 2475 1890 ratem
2436 1930 2484 2089 uentis
2436 2126 2481 2323 credere
2436 2361 2481 2507 docta
2423 2543 2481 2712 Tyros,
2437 3094 2463 3143 20

2344 1480 2405 1636 qualis
2346 1674 2394 1733 et,
2357 1773 2393 1963 arentes
2357 2001 2386 2113 cum
2356 2152 2403 2294 findit
2356 2332 2403 2479 Sirius
2342 2516 2387 2669 agros,

2276 1546 2324 1711 fertilis
2276 1749 2323 1933 aestiua
2276 1970 2323 2113 Nilus
2275 2150 2322 2370 abundet
2262 2406 2320 2569 aqua?

2196 1479 2244 1592 Nile
2182 1630 2233 1776 pater,
2181 1818 2225 2030 quanam
2181 2068 2242 2253 possim
2196 2291 2233 2338 te
2196 2375 2243 2535 dicere
2197 2574 2227 2719 causa

2116 1543 2153 1627 aut
2101 1664 2162 1842 quibus
2116 1880 2162 1929 in
2115 1967 2162 2101 terris
2115 2140 2162 2411 occuluisse
2102 2449 2161 2631 caput?

2035 1476 2072 1523 te
2020 1560 2071 1756 propter
2034 1792 2079 1952 nullos
2034 1990 2079 2131 tellus
2035 2170 2071 2252 tua
2020 2289 2079 2501 postulat
2024 2539 2082 2733 imbres,
2024 3088 2063 3135 25

1954 1542 2001 1676 arida
1954 1714 1983 1804 nec
1939 1842 1999 2010 pluuio
1938 2049 2000 2289 supplicat
1953 2326 2000 2478 herba
1954 2517 2001 2639 Ioui.

1873 1475 1911 1522 te
1873 1560 1920 1690 canit
1858 1726 1910 1873 atque
1873 1912 1902 2053 suum
1857 2092 1918 2248 pubes
1873 2286 1919 2485 miratur
1871 2523 1921 2705 Osirim

1781 1543 1838 1758 barbara,
1777 1802 1838 2113 Memphiten
1777 2151 1836 2379 plangere
1792 2417 1837 2564 docta
1792 2601 1838 2794 bouem.

1698 1473 1759 1657 primus
1712 1694 1749 1848 aratra
1711 1886 1741 2034 manu
1711 2072 1758 2253 sollerti
1711 2291 1759 2404 fecit
1710 2443 1759 2595 Osiris

1632 1541 1668 1587 et
1631 1626 1668 1842 teneram
1630 1879 1675 2002 ferro
1630 2041 1678 2319 sollicitauit
1620 2355 1676 2577 humum,
1621 3081 1659 3133 30

1506 1525 1540 1549 3
1515 1582 1551 1660 hoc
1514 1683 1552 1769 fore
1502 1799 1551 2027 Ayrmamz
1502 2138 1550 2374 Aquitanas
1514 2404 1551 2550 hahent
1514 2568 1550 2642 Fr.
1505 2806 1539 2829 4
1502 2860 1552 3005 quem]
1513 3039 1539 3130 cum

1461 1472 1497 1535 uel
1450 1563 1485 1685 quom
1458 1709 1496 2081 cr>112111ena⁷azt1'l.c.
1460 2254 1493 2279 6
1460 2309 1496 2498 euinctos
1448 2522 1484 2580 g:
1460 2611 1493 2745 uictos
1462 2774 1498 2814 A
1451 2984 1484 3009 9
1460 3039 1495 3131 sine

1407 1471 1437 1605 marte
1408 1627 1443 1679 ibi
1405 1710 1444 1918 Baehrens
1405 1943 1437 2035 recle
1406 2058 1438 2101 nl
1405 2123 1442 2286 uidetur
1407 2394 1443 2588 Tarbella
1395 2620 1443 2826 Scaliger:
1408 2858 1439 2925 tua
1407 2946 1445 3054 bella
1407 3086 1443 3126 A

1303 1475 1337 1532 11,
1312 1560 1336 1606 12
1311 1637 1348 1783 habent
1310 1802 1348 1865 Fr.
1311 2071 1335 2114 11
1299 2149 1377 2337 geronna
1310 2368 1347 2436 Fr.
1311 2461 1334 2468 :
1301 2500 1336 2699 garumna
1313 2729 1350 2769 A
1313 2952 1337 2998 12
1311 3030 1349 3127 Car-

1257 1470 1294 1581 nutis
1257 1610 1294 1675 Fr.
1257 1701 1280 1708 :
1257 1740 1294 1911 Carnoti
1258 1942 1294 1981 A
1247 2146 1281 2193 13
1257 2226 1280 2275 an
1245 2306 1290 2360 ψῑ
1258 2390 1289 2431 at
1260 2462 1295 2501 A
1258 2617 1295 2736 tactis
1257 2759 1265 2767 .
1258 2795 1266 2802 .
1258 2830 1266 2838 .
1259 2864 1296 2973 uluis
1258 2995 1295 3126 Laclz-

1204 1471 1227 1604 ‘mmm
1193 1815 1227 1861 14
1202 1894 1241 2097 caeruleis
1192 2124 1239 2310 placidus
1204 2342 1241 2532 Statius:
1193 2563 1241 2751 placidae
1204 2774 1212 2782 .
1204 2811 1212 2818 .
1204 2841 1212 2849 .
1194 2875 1228 3007 aquae
1204 3038 1242 3127 Voss

1152 1475 1185 1522 16
1150 1552 1185 1632 alat
1137 1664 1182 1719 ψῑ
1150 1750 1180 1837 arat
1150 1867 1186 1907 A
1139 2071 1173 2114 17
1141 2148 1187 2334 crebras]
1140 2359 1186 2457 fort.
1151 2481 1187 2670 celebres
1151 2804 1185 2855 26
1140 2886 1187 3055 pluuio.
1148 3084 1157 3091 .

1096 1472 1134 1557 Ioui
1083 1605 1127 1823 tamquam
1096 1867 1119 1915 ex
1096 1956 1134 2104 Ouidio
1096 2136 1131 2230 citat
1096 2268 1133 2418 Seneca
1097 2457 1134 2510 N.
1086 2546 1134 2595 Q.
1096 2631 1133 2681 iv.
1097 2718 1122 2755 2.
1098 2796 1121 2819 2
1097 2914 1132 2964 28
1097 2997 1134 3125 Mem-

1031 1469 1079 1615 phiten
1028 1634 1065 1691 g:
1040 1723 1065 1808 -em
1042 1828 1079 1869 A
1029 1983 1066 2116 29—32
1042 2147 1080 2291 laudat
1042 2309 1079 2522 scholiasta
1042 2543 1080 2757 quenalis
1042 2776 1081 2835 ad
1041 2852 1081 2941 Sat.
1042 2965 1080 3048 viii.
1032 3072 1067 3125 29
