5010 3336
1039 2563 1100 2830 (Romulus
1048 2300 1087 2526 aeternae
1040 2039 1085 2261 nondum
1040 1707 1086 1998 formauerat
1039 1536 1087 1669 urbis

1119 2554 1177 2763 moenia,
1118 2300 1167 2514 consorti
1136 2162 1165 2261 non
1118 1852 1167 2122 habitanda
1122 1616 1178 1813 Remog

1200 2747 1246 2833 sed
1209 2591 1246 2708 tunc
1201 2287 1261 2554 pascebant
1200 2039 1246 2249 herbosa
1200 1817 1247 2001 Palatia
1218 1600 1248 1780 uaccae

1290 2719 1327 2766 et
1282 2486 1328 2681 stabant
1281 2239 1329 2448 humiles
1282 2152 1327 2200 in
1281 1976 1329 2111 Iouis
1299 1830 1329 1940 arce
1299 1638 1329 1792 casae.

1363 2710 1409 2833 lacte
1363 2466 1409 2671 madens
1362 2332 1410 2427 illic
1364 2098 1409 2293 suberat
1366 1956 1410 2058 Pan
1363 1796 1410 1917 ilicis
1364 1555 1411 1758 umbrae

1453 2720 1489 2768 et
1444 2558 1490 2683 facta
1444 2347 1506 2521 agresti
1444 2149 1506 2308 lignea
1446 1990 1491 2112 falce
1447 1798 1503 1951 Pales,

1525 2485 1586 2834 pendebatque
1525 2338 1587 2446 uagi
1525 2094 1587 2299 pastoris
1526 2007 1572 2055 in
1527 1798 1574 1970 arbore
1536 1572 1584 1759 uotum,

1608 2582 1666 2769 garrula
1606 2336 1654 2543 siluestri
1608 2137 1653 2297 fistula
1624 1966 1654 2100 sacra
1609 1821 1663 1928 deo,

1686 2676 1733 2834 fistula
1687 2561 1734 2639 cui
1705 2328 1750 2521 semper
1688 2053 1736 2291 decrescit
1688 1727 1736 2015 harundinis
1691 1533 1737 1688 ordo:

1784 2656 1814 2768 nam
1770 2400 1816 2617 calamus
1786 2253 1816 2362 cera
1769 2001 1831 2214 iungitur
1787 1809 1831 1964 usque
1770 1598 1818 1770 minor.

1858 2791 1895 2837 at
1865 2655 1910 2752 qua
1850 2420 1897 2618 Velabri
1850 2250 1912 2381 regio
1861 2066 1912 2211 patet,
1850 1957 1898 2023 ire
1852 1730 1899 1919 solebat

1929 2569 1991 2770 exiguus
1932 2392 1992 2531 pulsa
1947 2269 1993 2354 per
1932 2104 1978 2232 uada
1931 1922 1978 2067 linter
1949 1746 1993 1887 aqua.

2007 2759 2055 2837 illa
2026 2575 2071 2722 saepe
2010 2386 2072 2542 gregis
2010 2261 2058 2349 diti
2011 1987 2072 2222 placitura
2012 1716 2073 1948 magistro

2091 2710 2138 2773 ad
2090 2442 2139 2670 iuuenem
2093 2281 2139 2401 festa
2101 2172 2139 2244 est
2102 1992 2140 2134 uecta
2095 1793 2155 1956 puella
2094 1661 2152 1755 die,

2186 2728 2217 2839 cum
2188 2592 2234 2689 qua
2172 2356 2221 2555 fecundi
2173 2071 2221 2319 redierunt
2191 1829 2221 2032 munera
2175 1659 2233 1792 ruris,

2268 2604 2300 2774 caseus
2263 2519 2301 2566 et
2253 2308 2302 2482 niueae
2254 2030 2302 2271 candidus
2272 1839 2317 1992 agnus
2256 1655 2319 1801 ouis.)

2332 2595 2395 2837 ‘Impiger
2337 2375 2394 2558 Aenea,
2335 2085 2383 2335 uolitantis
2338 1904 2383 2047 frater
2338 1658 2395 1867 Amoris,

2413 2597 2461 2774 Troica
2415 2476 2477 2559 qui
2416 2223 2477 2438 profugis
2434 2050 2463 2185 sacra
2417 1874 2464 2014 uehis
2418 1637 2476 1835 ratibus,

2493 2750 2540 2842 iam
2494 2622 2542 2708 tibi
2498 2313 2544 2581 Laurentes
2497 2051 2559 2276 adsignat
2498 1789 2560 2011 Iuppiter
2516 1600 2561 1754 agros,

2575 2681 2622 2776 iam
2587 2497 2624 2641 uocat
2587 2246 2625 2459 errantes
2578 2012 2641 2207 hospita
2589 1852 2627 1975 terra
2582 1652 2628 1812 Lares.

2655 2749 2703 2844 illic
2666 2514 2705 2711 sanctus
2658 2384 2706 2476 eris
2676 2235 2706 2346 curn
2668 2148 2706 2195 te
2663 1826 2708 2110 ueneranda
2662 1588 2709 1788 Numici

2739 2645 2785 2777 unda
2740 2458 2786 2608 deum
2742 2282 2787 2419 caelo
2740 2059 2788 2243 miserit
2741 1740 2804 2021 indigetem.

2834 2732 2865 2846 ecce
2835 2549 2881 2694 super
2822 2362 2867 2511 fessas
2820 2151 2868 2323 uolitat
2822 1894 2869 2113 Victoria
2840 1633 2885 1857 puppes,-

2898 2581 2944 2780 tandem
2899 2480 2945 2542 ad
2898 2198 2945 2441 Troianos
2898 2044 2946 2159 diua
2901 1796 2961 2006 superba
2902 1610 2950 1758 uenit.

2993 2735 3024 2849 ecce
2977 2578 3024 2698 mihi
2980 2375 3026 2540 lucent
2980 2138 3027 2335 Rutulis
2980 1870 3028 2099 incendia
2982 1633 3030 1834 castris:

3056 2690 3103 2784 iam
3057 2563 3106 2650 tibi
3059 2281 3121 2526 praedico,
3061 2035 3108 2239 barbare
3063 1816 3121 1998 Turne,
3080 1589 3111 1775 necem.

3147 2740 3185 2853 ante
3141 2533 3186 2703 oculos
3141 2276 3187 2494 Laurens
3152 2027 3189 2238 castrum
3160 1720 3206 1987 murusque
3145 1506 3193 1681 Lauini

3221 2558 3282 2785 Albaque
3222 2458 3268 2521 ab
3222 2203 3270 2419 Ascanio
3224 1964 3273 2165 condita
3228 1754 3288 1925 Longa
3228 1576 3275 1717 duce.

3310 2807 3348 2853 te
3317 2570 3363 2770 quoque
3301 2438 3349 2533 iam
3302 2237 3361 2398 uideo,
3305 2046 3352 2193 Marti
3306 1771 3367 2006 placitura
3311 1504 3358 1733 sacerdos

3381 2683 3441 2785 Ilia,
3385 2419 3431 2640 Vestales
3384 2107 3433 2380 deseruisse
3388 1920 3446 2069 focos,

3522 2750 3558 2801 34
3511 2600 3559 2718 pulsa
3515 2526 3561 2570 ψε
3513 2372 3561 2484 pulla
3514 2302 3550 2343 A
3516 2011 3553 2137 linter
3516 1832 3555 1981 habent
3519 1737 3558 1804 Fr.
3534 1486 3569 1535 35
3522 1382 3559 1450 illa
3536 1307 3571 1364 g:
3524 1187 3561 1274 illae

3563 2534 3614 2856 Rossbaclzforl.
3572 2387 3605 2507 recte:
3568 2203 3617 2354 illaque
3570 2130 3607 2170 A
3571 1911 3609 1986 diti
3575 1824 3621 1880 ψῑ
3574 1696 3611 1792 ditis
3575 1625 3612 1665 A

3631 2737 3655 2856 uersu
3633 2602 3658 2714 noua
3621 2462 3670 2580 elegia
3623 2302 3671 2439 incipit
3624 2242 3661 2283 ιἰι
3622 2180 3660 2219 A
3639 1957 3673 2007 43
3629 1682 3665 1925 uenerande
3629 1602 3667 1648 L.
3628 1402 3667 1573 [Mueller
3644 1187 3679 1235 47

3672 2686 3733 2854 Rutulis
3678 2595 3724 2654 ψε
3676 2416 3713 2549 rutilis
3677 2344 3713 2384 A
3693 2099 3727 2151 49
3688 1889 3718 2069 castrum
3685 1828 3732 1854 ψ
3695 1795 3719 1802 :
3684 1602 3720 1748 castris
3684 1532 3720 1571 A

3734 2672 3776 2857 paritura

906 1360 950 1490 LIB.
905 1252 950 1318 II.
906 1170 948 1206 V

1628 1164 1665 1211 30

3157 1395 3195 1467 &St

3590 1358 3625 1410 39
3578 1287 3614 1326 in
3578 1187 3615 1254 lto(

3698 1313 3733 1359 51
3687 1188 3733 1288 sort.
