5010 3336
4031 1488 4081 1981 PANEGYRICVS
4031 2019 4078 2424 MESSALLAE

3900 1483 3945 1559 uel
3884 1598 3930 1803 paruum
3897 1841 3943 2090 Aetnaeae
3882 2127 3927 2302 corpus
3896 2340 3943 2645 committere
3895 2681 3941 2921 fiammae.

3819 1483 3849 1589 sum
3802 1628 3863 1991 quodcumque,
3817 2032 3854 2168 tuum
3816 2207 3853 2291 est.
3815 2364 3863 2516 nostri
3815 2554 3863 2591 si
3801 2628 3860 2831 paruula
3816 2867 3846 2981 cura

3740 1483 3786 1541 sit
3727 1578 3786 1679 tibi,
3724 1720 3775 1901 quanta
3727 1938 3783 2068 libet,
3738 2109 3784 2147 si
3737 2185 3784 2244 sit
3726 2281 3781 2443 modo,
3736 2486 3766 2585 non
3737 2623 3783 2743 mihi
3722 2779 3766 2926 regna

3646 1484 3707 1651 Lydia,
3659 1692 3689 1792 non
3644 1830 3705 1991 magni
3644 2028 3705 2187 potior
3658 2223 3705 2283 sit
3658 2319 3702 2447 fama
3643 2485 3704 2698 Gylippi,

3567 1483 3611 1627 posse
3580 1665 3625 1905 Meleteas
3580 1938 3609 2031 nec
3579 2068 3623 2262 mallem
3578 2299 3625 2494 uincere
3577 2531 3622 2733 chartas.
3576 3063 3603 3139 200

3487 1484 3546 1617 quod
3501 1656 3548 1742 tibi
3501 1780 3548 1819 si
3500 1856 3530 2022 uersus
3489 2060 3537 2236 noster,
3499 2277 3537 2473 totusue
3486 2509 3545 2749 minusue,

3421 1484 3466 1561 uel
3421 1600 3467 1726 bene
3421 1763 3468 1823 sit
3410 1860 3458 2022 notus⁷
3420 2060 3450 2253 summo
3419 2292 3464 2369 uel
3418 2406 3466 2581 inerret
3419 2616 3465 2666 in
3407 2703 3448 2800 ore,

3340 1484 3385 1617 nulla
3340 1655 3387 1773 mihi
3339 1811 3377 2024 statuent
3339 2062 3385 2208 finem
3338 2247 3375 2297 te
3338 2330 3383 2426 fata
3338 2463 3385 2688 canendi.

3246 1485 3308 1602 quin
3260 1641 3307 1786 etiam
3260 1826 3289 1934 mea
3259 1971 3297 2087 tunc
3258 2124 3303 2339 tumulus
3258 2377 3288 2488 cum
3258 2527 3305 2695 texerit
3246 2731 3288 2855 ossa,

3180 1484 3211 1569 seu
3180 1607 3217 1795 matura
3179 1832 3226 1935 dies
3178 1974 3223 2180 celerem
3162 2218 3215 2443 properat
3178 2479 3225 2598 mihi
3165 2636 3214 2861 mortem,
3168 3065 3205 3139 205

3086 1486 3146 1631 longa
3099 1669 3137 1834 manet
3098 1871 3129 1955 seu
3086 1994 3145 2111 uita,
3086 2146 3135 2324 tamen,
3097 2366 3135 2550 mutata
3083 2587 3143 2738 figura

3020 1486 3051 1570 seu
3020 1609 3050 1687 me
3004 1724 3065 1873 finget
3004 1910 3048 2092 equum
3003 2130 3065 2308 rigidos
3002 2346 3047 2621 percurrere
3002 2659 3047 2859 campos

2940 1484 2986 1687 doctum
2938 1725 2968 1810 seu
2938 1848 2985 1970 tardi
2924 2007 2984 2195 pecoris
2937 2233 2984 2323 sim
2922 2360 2984 2509 gloria
2938 2546 2975 2709 taurus

2860 1484 2907 1589 siue
2844 1625 2889 1714 ego
2843 1752 2887 1836 per
2843 1872 2905 2114 liquidum
2856 2151 2904 2360 uolucris
2857 2398 2902 2547 uehar
2857 2583 2887 2694 aera
2842 2729 2903 2917 pennis,

2764 1485 2824 1902 quandocumque
2777 1938 2825 2192 hominem
2777 2228 2806 2306 me
2762 2343 2822 2489 longa
2761 2525 2823 2758 receperit
2763 2794 2812 2940 aetas,
2774 3066 2802 3139 210

2683 1485 2747 1691 inceptis
2697 1729 2744 1791 de
2697 1828 2736 1875 te
2697 1912 2744 2166 subtexam
2696 2203 2744 2419 carmina
2695 2455 2743 2645 chartis.

2359 1958 2404 2051 DE
2358 2090 2406 2411 SVLPICIA

2230 1669 2278 1964 INCERTI
2230 2008 2278 2356 AVCTORIS
2232 2399 2279 2705 ELEGIAE

2085 1644 2152 1950 [TIBVLLI
2104 1991 2148 2117 LIB.
2104 2161 2149 2257 ΙΙΙ.
2104 2298 2149 2605 VIII=1V.
2088 2650 2155 2724 ΙΙ]

1973 1489 2019 1728 SVLP1c1A
1974 1766 2013 1837 est
1974 1874 2022 1961 tibi
1974 1998 2020 2128 culta
1964 2164 2023 2272 tuis,
1976 2314 2020 2447 Mars
1958 2485 2007 2673 magne,
1976 2712 2024 2965 kalendis:

1880 1557 1932 1828 spectatum
1894 1866 1923 1892 e
1882 1930 1939 2082 caelo,
1894 2119 1941 2157 si
1880 2195 1941 2335 sapis,
1881 2376 1942 2479 ipse
1895 2515 1944 2642 ueni.

1813 1489 1859 1583 hoc
1814 1620 1858 1789 Venus
1799 1827 1862 2077 ignoscet:
1815 2126 1852 2174 at
1803 2211 1850 2274 tu,
1805 2315 1862 2542 molente,
1816 2582 1854 2755 caueto

1733 1556 1763 1617 ne
1733 1655 1781 1741 tibi
1734 1780 1781 1971 miranti
1720 2008 1781 2209 turpiter
1734 2244 1764 2377 arma
1734 2413 1781 2602 cadant.

1603 1548 1652 1622 196
1603 1651 1640 1829 pronum
1616 1860 1653 2087 Burmann
1604 2184 1641 2255 197
1606 2288 1653 2575 quodcumque
1606 2606 1651 2633 ψ
1618 2662 1656 2828 Plana:
1606 2860 1655 3138 quidcumque

1561 1491 1598 1531 A
1551 1778 1598 1852 198
1562 1883 1599 1933 sit
1550 1955 1599 2029 ms]
1563 2053 1599 2115 sin
1562 2137 1586 2189 m.
1563 2211 1599 2252 F
1564 2493 1587 2572 200
1564 2602 1589 2680 nec
1553 2706 1588 2740 g
1564 2766 1602 2901 Plani.
1565 2927 1587 2934 :
1564 2978 1588 3058 om.
1564 3096 1599 3137 A

1507 1492 1543 1661 uincere
1508 1683 1545 1745 F:
1508 1776 1543 1941 mittere
1510 1972 1545 2011 A
1509 2156 1533 2233 202
1509 2265 1546 2440 alterum
1510 2474 1547 2539 uel
1510 2573 1534 2653 om.
1511 2690 1548 2791 Fut
1511 2811 1548 2989 uidetur:
1511 3023 1547 3139 lutbct

1454 1496 1491 1743 (fm'aciamzs
1446 1871 1480 1948 203
1455 1980 1486 2165 statuent
1444 2191 1478 2223 g
1456 2251 1492 2388 Flam.
1456 2413 1479 2421 :
1456 2452 1488 2638 statuunt
1459 2669 1495 2709 A
1447 2848 1483 2925 205
1457 2957 1494 3133 celerem

1401 1493 1437 1556 F:
1401 1590 1437 1670 fato
1402 1702 1439 1741 A
1402 1902 1437 1979 206
1392 2012 1438 2141 figura
1403 2172 1439 2212 A
1402 2240 1439 2515 Cztz'acz'cmus:
1392 2546 1440 2722 figuram.
1402 2753 1442 2892 Plant.
1404 3060 1429 3137 210

1336 1491 1383 1825 quandocunque
1348 1855 1385 1916 F:
1349 1947 1382 1987 in
1338 2010 1378 2091 que
1338 2113 1373 2276 cunque
1350 2308 1387 2347 A

1293 1549 1331 1655 Laus
1283 1680 1330 1855 Sulpitie
1294 1877 1330 1927 ad
1295 1950 1330 2073 deum
1296 2097 1326 2268 martem
1296 2296 1331 2371 Rea
1296 2400 1333 2440 A

1241 1543 1277 1646 VIII
1229 1678 1264 1702 3
1239 1734 1270 1775 tu
1240 1799 1276 1981 uiolente
1241 2004 1273 2149 caueto
1242 2179 1278 2323 habent
1243 2344 1279 2408 Fr.
1231 2579 1266 2603 4
1241 2633 1279 2776 habent
1242 2794 1280 2858 Fr.
